2512 4192
101 197 140 257 50
339 180 389 237 De
405 179 497 236 altera
509 186 598 253 pane
615 179 724 236 Decori
738 196 812 252 quae
829 178 873 234 ad
926 174 954 256 [I
970 193 1075 236 xxxrx
1091 181 1146 252 138

100 348 156 409 mis
180 349 262 421 fiunt,
278 345 368 406 etiam
386 345 412 405 si
429 347 516 405 nobis
532 319 655 422 indigna
671 343 836 417 audiamus,
856 355 958 404 tamen
975 345 1148 422 gravitatem

99 444 233 518 retinere,
255 441 437 503 iracundiam
457 443 575 518 pellere.
600 444 684 517 Quae
701 440 781 500 enim
797 460 867 499 cum
883 441 983 518 aliqua
998 444 1149 518 perturba·

220 603 225 613 ,
350 537 431 598 tione
445 539 528 610 finnt,
539 557 576 597 ea
589 556 644 596 nec
658 547 828 596 constanter
840 536 903 597 fieri
913 549 1040 614 possunt
1051 558 1148 616 neque

101 601 313 714 „illlllillffinlll
351 635 386 694 iis
410 635 462 711 qui
480 636 589 695 adsunt
610 633 737 711 probari.
781 634 1034 695 Deformeetiam
1053 648 1098 697 est
1113 639 1149 697 de

102 717 192 755 ⁰⁰¹¹¹¹¹'“'
351 751 383 792 se
405 731 503 809 ipsum
526 731 705 808 praedicare,
730 730 804 789 falsa
826 730 1007 806 praesertim,
1029 742 1149 793 etcum
1175 751 1187 798 5

100 827 239 888 inrisione
253 827 435 889 audientium
450 827 555 887 imitari
569 827 693 886 militem
706 825 878 903 gloriosum.
899 815 902 819 ¹

11 925 88 974 'tlx
416 926 480 998 138.
524 925 563 982 Et
578 923 719 999 quoniam
733 923 835 982 omnia
847 923 1060 1000 persequimur,
1071 928 1151 985 volu-

24 958 31 974 ¹
126 971 317 1023 (arimannos

101 1022 317 1114 ltp‘ssffizlsslsslfg}
352 1040 417 1080 mus
431 1019 554 1097 quidem
568 1031 656 1091 certe,
672 1018 833 1079 dicendum
852 1030 897 1079 est
915 1020 1015 1094 etiam,
1032 1023 1150 1097 qualem

101 1122 249 1221 pppappmgp
262 1123 313 1215 {¹13th
351 1117 480 1179 hominis
500 1117 638 1178 honorati
659 1129 689 1178 et
709 1116 851 1194 principis
880 1118 1006 1176 domum
1034 1117 1150 1193 placeat

102 1222 149 1324 fil&
162 1223 245 1315 ὲὲῑξέἒ
263 1238 315 1316 {1ng
354 1235 426 1290 esse,
453 1214 536 1275 cuins
558 1216 624 1275 finis
646 1227 690 1276 est
710 1235 788 1289 usus,
811 1216 851 1275 ad
873 1234 963 1291 quem
982 1220 1153 1275 accommo'
1164 1237 1189 1270 10

102 1336 144 1401 ¹¹⁰5
157 1326 317 1376 extraventu
354 1315 454 1374 danda
476 1324 520 1373 est
545 1313 723 1373 aedificandi
746 1313 905 1390 descriptio
927 1324 958 1373 et
979 1324 1082 1373 tamen
1102 1314 1151 1372 ad·

102 1382 167 1425 ‘M'
351 1412 483 1472 hibenda
510 1411 732 1471 commoditatis
756 1410 967 1488 dignitatisque
988 1411 1146 1488 diligentia

105 1504 158 1563 Cn.
177 1505 310 1579 Octavio,
327 1507 377 1584 qui
391 1508 503 1585 primus
518 1527 554 1567 ex
568 1506 618 1566 illa
632 1507 742 1566 familia
756 1509 860 1566 consul
874 1509 969 1582 factus
984 1517 1035 1578 est,
1044 1507 1150 1567 honori

102 1599 191 1661 fuisse
213 1603 390 1680 accepimus,
415 1606 496 1682 quod
512 1605 703 1682 'praeclaram
724 1604 907 1664 aedificasset
932 1603 964 1663 in
987 1603 1101 1664 Palatio
1122 1615 1150 1663 et

103 1700 220 1775 plenam
236 1699 385 1777 dignitatis
400 1703 542 1761 domum:
560 1721 635 1778 quae
650 1721 718 1760 cum
732 1703 820 1777 vulgo
834 1700 983 1773 viseretur,
996 1703 1150 1778 suffragata
1163 1717 1187 1766 15

104 1794 235 1869 domino,
251 1815 329 1857 novo
346 1796 469 1870 homini,
482 1798 521 1857 ad
536 1799 722 1857 consulatum
736 1797 901 1873 putabatur.
918 1799 1011 1856 Hanc
1025 1800 1151 1860 Scaurus

103 1890 260 1952 demolitus
279 1893 479 1954 accessionem
497 1893 630 1953 adiunxit
648 1893 780 1954 aedibus.
824 1894 930 1969 Itaque
948 1893 998 1953 ille
1016 1894 1049 1953 in
1068 1914 1150 1954 suam

103 1986 225 2047 domum
241 1991 426 2049 consulatum
440 1989 550 2066 primus
564 1989 674 2050 attulit:
693 1990 750 2063 hic,
766 1989 874 2049 summi
887 2000 917 2049 et
931 1989 1085 2050 clarissimi
1098 1991 1150 2050 viri

103 2083 187 2157 iilius,
200 2084 229 2143 in
245 2088 367 2146 domum
382 2085 606 2163 multiplicatam
618 2106 678 2145 non
693 2088 838 2162 repulsam
854 2088 951 2146 solum
965 2087 1086 2160 rettulit,
1099 2089 1150 2148 sed

103 2178 294 2260 ignominiam
315 2181 404 2242 etiam
430 2193 460 2243 et
484 2181 690 2242 calamitatem.
736 2202 800 2258 139.
837 2183 981 2243 Ornanda
994 2179 1076 2242 enim
1106 2192 1150 2241 est
1160 2206 1187 2240 ιο

104 2278 230 2357 dignitas
245 2279 345 2352 domo,
361 2298 422 2339 non
437 2299 474 2339 ex
488 2280 580 2340 domo
595 2290 658 2339 tota
677 2278 853 2356 quaerenda,
873 2298 930 2338 nec
946 2280 1039 2340 domo
1059 2280 1150 2339 domi-

103 2392 167 2447 nus,
190 2375 243 2434 sed
264 2374 387 2435 domino
409 2376 516 2435 domus
537 2376 723 2434 honestanda
741 2385 794 2448 est,
818 2385 848 2434 et
877 2384 910 2433 ut
926 2373 957 2432 in
976 2375 1082 2435 ceteris
1102 2377 1150 2435 ha-

105 2469 203 2530 benda
223 2470 296 2530 ratio
317 2490 378 2531 non
399 2490 452 2530 sua
472 2472 578 2544 solum,
601 2472 656 2531 sed
676 2471 765 2531 etiam
785 2471 919 2544 aliorum,
939 2470 983 2530 sic
1004 2471 1036 2530 in
1059 2473 1150 2531 domo

104 2566 172 2626 clari
195 2568 330 2641 hominis,
347 2567 377 2628 in
399 2588 488 2646 quam
508 2579 538 2629 et
559 2569 691 2646 hospites
714 2568 800 2628 multi
821 2567 982 2645 recipiendi
1001 2579 1031 2628 et
1049 2569 1150 2628 admit-

104 2666 194 2724 tenda
208 2664 363 2725 hominum
378 2665 520 2742 cuiusque
541 2665 625 2725 modi
641 2665 808 2738 multitudo
826 2665 998 2725 adhibenda
1014 2684 1085 2724 cura
1105 2676 1148 2725 est
1159 2683 1183 2730 ²5

104 2760 237 2823 inritatis.
280 2762 375 2822 Aliter
394 2764 494 2839 ampla
515 2763 622 2823 domus
642 2761 783 2822 dedecori
803 2781 893 2839 saepe
917 2761 1041 2822 domino
1061 2764 1103 2835 fit,
1124 2764 1148 2823 sl

105 2870 149 2917 est
167 2857 196 2917 in
215 2877 251 2918 en
269 2857 406 2931 solitudo,
422 2870 452 2918 et
470 2857 606 2932 niaxime,
622 2856 646 2918 si
662 2857 822 2934 aliquando
842 2856 901 2916 alio
919 2856 1045 2917 domino
1063 2857 1148 2918 solita

105 2968 150 3015 est
172 2954 358 3033 tieqnentari.
399 2955 546 3018 Odiosum
569 2967 613 3016 est
641 2954 730 3029 enim,
758 2974 828 3014 cum
852 2973 872 3013 a
894 2953 1146 3031 praetereuntibus

105 3054 228 3114 dieitur:

439 3152 561 3202 (linimus
575 3147 688 3217 (iratique.
704 3152 752 3200 keu
767 3166 842 3214 quam
858 3147 956 3214 dispari
1040 3183 1044 3192 -
1156 3158 1181 3208 30

329 3232 458 3283 ‹tmetntn
472 3236 589 3284 trimatae!

105 3351 187 3426 quiid
206 3350 386 3434 quidcmhis
399 3351 580 3428 temporibus
596 3351 627 3410 in
644 3349 744 3409 multis
757 3349 826 3407 licet
839 3347 945 3408 dicere„
991 3366 1057 3420 140.
1093 3348 1145 3409 Ca-

104 3446 236 3505 vendum
253 3457 353 3505 autem
372 3459 426 3519 est,
447 3445 619 3523 praesertim
636 3444 662 3505 si
679 3444 744 3521 ipse
763 3444 910 3514 aedifices,
928 3461 967 3501 ne
987 3454 1070 3502 extra
1085 3463 1145 3503 mo·

104 3542 177 3602 dnm
191 3558 310 3619 sumptu
323 3558 353 3603 et
371 3542 587 3621 nraeuiticentia
602 3544 746 3621 prodeas:
773 3560 834 3618 quo
851 3540 884 3599 in
899 3559 1008 3617 genere
1020 3541 1143 3599 multum

103 3637 174 3696 mali
187 3636 276 3698 etiam
290 3636 320 3697 in
334 3640 470 3715 exemplo
483 3652 537 3700 cst.
579 3636 718 3700 Studiose
734 3636 815 3698 enirn
828 3635 961 3713 plerique
974 3634 1142 3712 praesertim
1154 3650 1180 3700 3⁵

102 3731 224 3795 iuliane
238 3748 352 3813 purtem
366 3736 443 3795 tacta
456 3734 622 3813 principum
637 3733 796 3805 imitantur,
807 3746 841 3791 ut
854 3734 889 3791 Ι.
898 3730 1025 3806 Luculli,
1036 3729 1142 3791 summi

318 3861 348 3913 25
357 3848 457 3916 generis
465 3864 524 3899 exn
533 3848 584 3899 ced.
597 3864 613 3899 a
626 3848 676 3906 aa„
684 3847 756 3899 modi
764 3846 836 3911 augo
848 3845 978 3897 otilone
