2512 4192
103 186 140 246 9²
482 168 532 226 Dc
549 186 582 226 ea
602 168 772 246 beneficentia
954 170 1143 252 [llxx1v85

101 332 205 392 melius
228 351 285 392 nec
308 331 421 392 facilius
443 333 619 395 dissolutum
639 347 696 396 est:
724 337 880 398 fraudandi
900 339 982 399 enim
1007 350 1060 418 sp'e
1081 344 1146 402 sub

351 431 410 489 lata
424 431 557 491 solvendi
578 433 736 493 necessitas
751 447 911 495 consecuta
924 447 976 497 est
1020 439 1062 497 At
1076 457 1145 499 vero

103 507 323 602 &apponantur
354 528 403 587 hic
422 531 503 588 nunc
522 529 624 603 victor,
640 540 702 590 tum
724 531 846 608 quidem
859 532 962 607 victus,
979 553 1056 610 quae
1070 534 1146 612 cogi·

352 635 435 698 tarat,
449 645 511 684 cum
532 628 624 712 isius
643 628 785 704 intererat
801 636 862 686 tum
876 648 912 688 ea
926 630 1059 705 perfecit,
1076 651 1145 691 cum

101 725 164 785 eius
184 723 243 784 iam
263 724 335 783 nihil
355 723 517 783 interesset.
559 725 657 784 Tanta
670 724 701 782 in
715 744 753 784 eo
767 725 910 802 peccandi
925 726 1020 787 libido
1034 727 1098 802 fuit,
1114 740 1145 790 ut
1171 750 1179 798 ε

100 824 158 882 hoc
172 821 267 899 ipsum
282 840 350 882 eum
364 821 524 881 delectaret
536 839 668 896 peccare,
684 819 773 880 etiam
788 820 813 880 si
827 841 916 881 causa
929 842 992 883 non
1007 836 1094 884 esset.

223 982 228 993 ,
411 918 456 992 85.
488 915 537 975 Ab
552 916 609 974 hoc
624 915 710 993 igitur
723 936 832 995 genere
845 917 1018 994 largitionis,
1034 930 1068 979 ut
1082 917 1144 979 aliis

100 982 172 1083 303⁰
184 981 311 1082 hullhlhi
349 1017 441 1089 detur,
462 1014 526 1074 aliis
540 1017 694 1088 auferatur,
711 1017 835 1076 aberunt
851 1015 880 1088 ii,
898 1016 950 1092 qui
968 1036 1033 1076 rem
1050 1017 1146 1094 publi·

99 1092 121 1124 to
134 1083 196 1124 avoid
210 1084 252 1123 this
268 1092 310 1123 sort
615 1112 621 1124 .
694 1112 700 1124 .
736 1113 741 1124 .

99 1133 125 1174 os,
141 1133 245 1183 uberanty
268 1134 311 1173 anu
348 1133 415 1172 cam
429 1114 597 1184 tuebuntur,
613 1132 644 1170 1n
657 1131 818 1189 prrmrsque
837 1133 958 1190 operam
977 1115 1095 1175 dabunt
1113 1125 1145 1192 ut

72 1226 75 1231 ·
98 1183 312 1293 Ξῖτῖξῗῖῑξῖτῗρῖῗ
348 1209 416 1269 iuris
425 1220 455 1269 et
464 1208 640 1269 iudiciorum
652 1209 799 1286 aequitate
812 1230 899 1269 suum
908 1210 1036 1287 quisque
1044 1222 1145 1273 teneat
1161 1238 1179 1272 ις

97 1285 170 1335 ‘'gh‘*
347 1317 378 1368 et
390 1326 488 1382 neque
502 1305 650 1367 tenuiores
668 1318 788 1384 propter
806 1307 1004 1368 humilitatem
1022 1308 1146 1369 circum·

97 1405 252 1465 veniantur
265 1424 362 1481 neque
382 1403 579 1480 locupletibus
598 1404 638 1463 ad
658 1423 713 1462 sua
730 1405 777 1464 vel
795 1405 926 1464 tenenda
943 1407 991 1466 vel
1011 1425 1145 1484 recuper-

97 1504 176 1580 anda
189 1501 266 1562 obsit
284 1500 402 1573 invidia,
417 1511 568 1577 praeterea
586 1500 824 1577 quibuscumque
844 1503 933 1562 rebus
945 1504 995 1563 vel
1012 1503 1086 1563 belli
1098 1505 1145 1565 vel

98 1598 180 1658 dorni
193 1609 338 1675 poterunt,
350 1617 413 1658 rem
422 1598 573 1674 publicam
581 1592 707 1676 augeant
717 1599 842 1676 imperio
853 1599 929 1677 agris
935 1601 1142 1702 ,vectigalibus

98 1700 186 1756 Haec
205 1715 379 1772 magnorum
400 1694 555 1754 hominum
576 1705 653 1767 sunt,
675 1696 750 1755 haec
770 1650 850 1772 apuci
871 1695 999 1758 maiores
1026 1709 1143 1759 nostros
1157 1724 1179 1772 ιε

96 1791 235 1864 factitata,
250 1792 324 1851 haec
337 1809 444 1866 genera
462 1790 626 1849 officiorum
641 1790 692 1867 qui
706 1802 923 1867 persequuntur
942 1812 1012 1852 cum
1027 1812 1144 1853 summa

96 1888 221 1947 utilitate
241 1887 283 1947 rei
301 1886 438 1964 publicae
459 1905 598 1964 magnam
618 1886 674 1963 ipsi
688 1886 888 1964 adipiscentur
907 1899 938 1949 et
958 1889 1086 1967 gratiam
1112 1903 1142 1952 et

96 1986 227 2062 gloriam.
813 2034 819 2046 ,

123 2113 177 2154 em
210 2112 235 2153 ,s
271 2126 309 2154 0„
407 2084 453 2140 86.
484 2083 522 2140 In
536 2081 691 2142 hisautem
705 2083 865 2143 utilitatum
878 2083 1045 2161 praeceptis
1059 2085 1143 2146 Anti-

97 2163 310 2254 ξξζΉἪΕεῗζξ
347 2188 430 2255 pater
456 2177 570 2255 Tyrius,
593 2178 717 2252 Stoicus,
743 2181 795 2257 qui
822 2180 948 2241 Athenis
976 2201 1075 2258 nuper
1097 2194 1141 2244 est
1155 2203 1179 2239 aa

96 2263 163 2354 fgffisss
184 2277 308 2356 ,0⁰3¹g0‘0‘ss
345 2287 486 2348 mortuus,
502 2276 563 2334 duo
577 2275 732 2351 praeterita
746 2287 847 2336 censet
866 2296 931 2336 esse
949 2297 969 2337 a
987 2279 1139 2350 Panaetio,

96 2363 176 2405 We&
261 2372 266 2384 ''
343 2372 519 2433 valetudinis
533 2372 717 2458 curationem
736 2384 765 2433 et
782 2373 942 2450 pecuniae:
963 2393 1039 2451 quas
1058 2395 1140 2437 resa

95 2491 211 2531 summo
233 2471 410 2549 philosopho
434 2471 603 2548 praeteritas
630 2471 760 2545 arbitror,
784 2474 867 2548 quod
894 2483 995 2534 essent
1021 2474 1140 2551 faciles,

94 2578 162 2628 sunt
176 2580 254 2630 certe
268 2568 363 2628 utiles.
405 2569 465 2628 Sed
478 2569 617 2627 valetudo
632 2578 811 2628 sustentatur
824 2568 930 2629 notitia
948 2569 994 2629 sui
1007 2571 1137 2648 corporis

93 2678 123 2725 et
148 2666 362 2739 observatione,
386 2685 461 2742 quae
485 2685 531 2725 res
555 2675 606 2725 aut
632 2668 773 2742 prodesse
801 2667 916 2728 soleant
942 2678 996 2728 aut
1023 2669 1134 2742 obesse,
1148 2692 1173 2742 ²5

93 2777 123 2826 et
137 2764 320 2824 continentia
338 2763 370 2822 in
387 2763 468 2822 victu
483 2763 565 2822 omni
578 2773 668 2840 atque
681 2766 763 2823 cultu
782 2764 912 2840 corporis
926 2764 1032 2826 tuendi
1050 2785 1135 2826 causa

94 2857 358 2939 praetermittendis
380 2857 589 2934 voluptatibus,
611 2869 762 2934 postremo
786 2869 849 2921 arte
876 2878 988 2935 eorum,
1013 2881 1134 2940 quorum

94 2960 133 3018 ad
147 2955 300 3017 scientiam
314 2955 389 3014 haec
404 2953 560 3031 pertinent
605 2957 652 3030 87.
675 2956 737 3014 Res
751 2965 853 3014 autem
868 2955 1020 3018 familiaris
1039 2959 1132 3037 quaeri

94 3054 183 3113 debet
210 3053 245 3112 iis
271 3054 368 3126 rebus,
390 3072 408 3112 a
435 3053 541 3130 quibus
564 3047 827 3130 abest'turpitudo,
850 3056 1018 3116 conservari
1037 3069 1129 3118 autem

45 3179 47 3183 ·
94 3149 244 3226 diligentia
258 3161 287 3210 et
306 3149 492 3227 parsimonia,
507 3150 620 3211 eisdem
639 3149 729 3210 etiam
748 3152 837 3212 rebus
855 3153 963 3231 augeri.
1006 3156 1072 3215 Has
1088 3172 1172 3223 ratas»

94 3247 333 3307 commodissime
347 3248 518 3324 Xenophon
532 3247 697 3308 Socraticus
710 3260 883 3325 persecutus
896 3261 942 3311 est
955 3249 987 3310 in
999 3252 1038 3312 eo
1049 3251 1123 3323 libro.

94 3343 145 3420 qui
160 3343 404 3405 ‘Oeconomicus'
418 3343 592 3418 inscribitur,
608 3364 698 3420 quem
719 3365 782 3418 nos,
798 3344 855 3405 ista
870 3348 933 3409 fere
951 3358 1048 3409 aetate
1063 3366 1123 3408 cum

93 3460 231 3514 essemus,
253 3459 361 3518 quaes
380 3451 413 3500 tu
434 3460 523 3514 nunc,
541 3459 558 3500 e
577 3442 692 3501 Graeco
711 3440 743 3500 in
764 3440 906 3502 Latinum
926 3442 1118 3506 convertimus

138 3704 154 3746 4
169 3684 241 3733 verba
256 3700 313 3734 cum
327 3684 403 3748 ipsius
418 3684 540 3744 intererat,
561 3691 613 3734 tum
630 3684 719 3733 habent
733 3686 782 3735 duo
796 3686 862 3736 codd.
873 3693 938 3753 cp:
952 3686 983 3739 du
995 3692 1045 3741 aff.
1059 3682 1113 3737 aa
1160 3650 1179 3743 l

88 3767 175 3816 ramat
208 3770 218 3824 ΙΙ
254 3765 387 3830 6peccare
399 3766 496 3813 seclusit
508 3767 549 3815 Ba
560 3773 656 3816 auctore
668 3767 749 3816 Bakio
790 3771 800 3826 ΙΙ
835 3766 869 3819 26
883 3782 952 3841 cumr
1080 3762 1116 3808 ὗ

77 3849 162 3897 tendis
174 3848 358 3914 voluptatibus]
371 3849 414 3898 Ba
431 3847 512 3898 Heine
522 3848 563 3898 Lu
