2512 4192
61 234 64 250 ,
80 189 153 272 143]
292 199 436 251 externam
455 194 567 268 speciem
580 196 707 268 pertinet
762 157 765 162 -
1000 215 1036 275 51

73 361 214 422 virtutem
242 362 328 438 quis?
354 373 385 422 at
412 382 501 439 quam
524 362 609 422 multi
629 362 764 423 villarum
786 364 1036 442 magnificentiam

61 459 98 519 ati
113 464 200 519 sunt!
265 460 412 534 -Quarum
428 458 550 535 quidem
564 469 643 519 certe
657 470 702 520 est
718 459 904 520 adhibendus
919 462 1034 535 modus,

61 595 206 636 [bserviemto
245 557 283 615 ad
307 556 604 633 mediocritatemque
618 557 820 616 ¹revocandus
863 558 1036 635 Eademque

61 646 209 736 ffiggs‘ffio‘}
244 651 431 712 mediocritas
453 653 503 712 ad.
515 671 636 712 onmem
657 671 744 711 usum
768 654 939 730 cultumque
959 653 1035 716 vitae

244 748 445 806 transferenda
463 757 515 807 est.
559 748 618 808 Sed
635 747 710 806 haec
728 748 878 808 hactenus.
1067 774 1081 824 5

61 909 86 936 ee
104 895 160 937 mles
173 896 206 937 sor
306 863 371 916 141.
414 845 451 903 In
479 843 561 903 omni
585 855 684 903 autem
708 842 825 905 actione
849 844 1036 923 suscipienda

61 961 71 986 r
87 947 203 987 undena<-
242 940 296 999 tria
309 950 378 1001 sunt
392 942 523 1001 tenenda
530 962 540 1015 ,·
567 941 695 1018 primum
714 952 747 1000 ut
765 941 912 1018 appetitus
929 943 1036 1005 rationi

61 997 203 1106 1111111111
241 1046 349 1112 pareat,
365 1056 425 1113 quo
438 1036 511 1096 nihil
531 1047 575 1097 est
596 1038 636 1097 ad
656 1037 753 1098 officia
769 1040 972 1098 conservanda
990 1059 1036 1099 ac-

61 1111 76 1138 rs
84 1098 189 1138 decorum.
415 1133 421 1145 .
531 1132 537 1145 .
702 1133 707 1144 .

196 1184 202 1193 .
241 1134 599 1205 commodatius‚,de1nde
617 1142 651 1193 ut
661 1134 909 1194 animadvertatur
926 1147 1037 1212 quanta

60 1249 107 1289 res
128 1229 174 1303 sit,
194 1249 283 1305 quam
304 1231 419 1290 efficere
436 1228 569 1304 velimus,
589 1241 623 1290 ut
641 1250 716 1291 neve
735 1230 828 1290 maior
848 1250 923 1291 neve
939 1231 1036 1291 minor
1051 1267 1081 1301 10

74 1339 104 1389 et
119 1348 208 1405 opera
223 1327 398 1405 suscipiatur
412 1348 501 1405 quam
516 1348 605 1388 causa
618 1329 753 1405 postulet
796 1328 930 1388 Tertium
944 1340 1035 1390 estut

62 1443 147 1484 amus
162 1435 194 1484 ut
208 1444 251 1498 ea,
267 1443 343 1500 quae
357 1424 505 1501 pertinent
523 1426 562 1484 ad
582 1424 732 1485 liberalem
746 1424 876 1501 speciem
891 1436 921 1485 et
941 1422 1034 1502 digni-

61 1541 89 1593 n,
105 1522 258 1581 moderata
271 1520 337 1581 sint.
381 1522 492 1581 Modus
512 1531 612 1580 autem
632 1532 675 1581 est
690 1520 817 1597 optimus
832 1522 923 1582 decus
937 1519 1034 1599 ipsum

61 1636 99 1688 re,
115 1616 153 1676 de
168 1635 228 1692 quo
241 1628 310 1677 ante
324 1615 463 1691 diximus'
473 1636 529 1676 nec
542 1615 680 1694 progredi
693 1616 817 1694 longius.
861 1619 980 1676 Horum
993 1628 1035 1677 ta-

69 1713 159 1772 trium
173 1712 456 1790 praestantissimum
470 1723 514 1774 est
528 1713 691 1790 appetitum
702 1725 905 1790 optemperare
918 1714 1031 1774 rationi.
1049 1739 1077 1790 15

74 1871 94 1911 ‚d
142 1870 147 1881 ‚
305 1830 370 1883 14²·
415 1809 565 1886 Deinceps
584 1811 623 1870 de
644 1809 747 1870 ordine
763 1830 859 1870 rerum
878 1822 908 1872 et
930 1831 1034 1889 oppor-

61 1880 203 1972 1111131111-
241 1907 364 1967 tunitate
379 1917 547 1984 temporum
562 1906 722 1966 dicendum
736 1919 789 1968 est.
832 1910 920 1968 Haec
931 1920 1033 1969 autem

61 1972 202 2080 siiiessseii
240 2004 362 2064 scientia
382 2003 571 2064 continentur
592 2022 635 2076 ea,
663 2022 753 2080 quam
781 2004 888 2065 Graeci
909 2003 1035 2074 εὐταξίαν

69 2082 158 2113 mm
240 2101 403 2174 nominant,
426 2120 488 2160 non
507 2101 593 2175 hanc,
616 2120 704 2177 quam
728 2100 953 2178 interpretamur
966 2104 1034 2163 ‘mo

61 2199 129 2274 [am',
146 2217 206 2275 quo
233 2199 265 2258 in
288 2200 380 2259 verbo
395 2199 516 2258 ‘modus'
532 2197 617 2271 inest,
639 2199 692 2258 sed
720 2198 769 2258 illa
794 2210 838 2259 est
863 2198 980 2275 εὐταξία,
1002 2201 1033 2260 in
1047 2235 1078 2269 20

67 2297 248 2373 intellegitur
269 2294 380 2356 ordinis
404 2295 596 2380 conservatio,
638 2297 752 2372 Itaque,
775 2307 808 2356 ut
831 2288 957 2357 eandem
978 2317 1033 2358 nos

225 2393 425 2453 ‘modestiam’
438 2394 629 2469 appellemus
651 2394 694 2454 sic
714 2395 853 2454 definitur
876 2415 895 2455 a
917 2394 1031 2469 Stoicis

187 2523 194 2534 ·
238 2503 271 2551 ut
303 2491 451 2552 modestia
479 2492 515 2552 sit
547 2492 669 2552 scientia
701 2512 801 2553 earum
832 2513 935 2563 rerum,
956 2514 1032 2570 quae

60 2601 109 2649 tur
136 2600 187 2649 aut
214 2588 357 2668 dicentur,
375 2591 442 2650 loco
468 2609 522 2650 suo
547 2591 795 2651 collocandamm.
843 2592 891 2652 Ita
916 2591 1032 2653 videtur

61 2709 91 2746 m
119 2688 164 2747 vis
192 2688 303 2748 ordinis
330 2698 361 2748 et
388 2687 591 2748 collocationis
617 2690 702 2748 fore:
741 2708 810 2748 nam
840 2698 868 2748 et
896 2689 1031 2750 ordinem
1044 2715 1074 2763 25

61 2784 212 2859 definiunt,
241 2784 488 2861 compositionem
515 2804 612 2845 rerum
639 2784 714 2861 aptis
742 2795 772 2845 et
798 2787 1030 2846 accommodatis

61 2925 65 2938 .
95 2885 208 2942 Locum
235 2891 334 2940 autern
362 2878 486 2939 actionis
515 2878 765 2956 opportunitatem
793 2879 933 2956 temporis
966 2900 1030 2943 esse

61 2989 101 3052 rt3
122 2987 239 3052 tempus
260 2988 360 3036 autem
385 2975 508 3036 actionis
533 2986 733 3054 opportunum
759 2978 873 3038 Graece
899 2973 1027 3055 εὐκαιρία,

61 3095 88 3134 11
103 3075 268 3151 appellatur
281 3073 406 3134 occasio,
450 3073 497 3133 Sic
518 3075 550 3132 fit
568 3082 602 3133 ut
618 3073 765 3133 modestia
781 3075 864 3146 haec,
879 3093 969 3150 quam
987 3075 1029 3136 ita

61 3182 214 3247 metamur,
230 3181 264 3230 ut
278 3170 345 3243 dixi,
364 3169 486 3229 scientia
500 3168 536 3229 sit
553 3168 779 3247 opportunitatis
798 3169 975 3231 idoneorum
989 3174 1028 3232 ad
1041 3200 1072 3250 30

61 3269 130 3327 dum
144 3277 319 3344 temporum.
365 3286 429 3342 143.
471 3267 530 3326 Sed
543 3276 641 3344 potest
656 3267 761 3326 eadem
775 3285 839 3327 esse
852 3268 1027 3344 prudentiae

63 3364 125 3436 itio,
145 3365 183 3423 de
198 3382 258 3440 qua
275 3363 420 3440 principio
439 3362 581 3423 diximus:
601 3364 660 3422 hoc
679 3375 777 3423 autem
791 3365 860 3424 loco
874 3365 912 3424 de
926 3367 1028 3426 mode-

61 3480 94 3520 ne
109 3469 138 3519 et
152 3459 347 3535 temperantia
361 3469 390 3518 et
405 3477 504 3517 earum
520 3457 662 3518 similibus
676 3457 831 3518 virtutibus
846 3459 1022 3535 quaerimus.

61 3576 94 3628 re,
117 3574 193 3631 quae
220 3565 303 3613 erant
329 3554 504 3631 prudentiae
531 3553 657 3630 propria,
672 3573 726 3612 suo
750 3556 818 3613 loco
839 3554 918 3614 dicta
939 3566 1023 3616 sunt:

85 3663 185 3711 autern
213 3651 316 3710 harum
338 3651 489 3723 virtutum,
514 3650 552 3710 de
581 3651 688 3726 quibus
711 3650 770 3709 iam
794 3650 846 3710 diu
866 3652 1022 3728 loquimur,
1037 3689 1066 3736 35

61 2435 129 2476 nition
154 2435 179 2475 os

61 3802 147 3850 imitati
161 3808 220 3849 sunt
235 3807 265 3849 ut
275 3799 438 3863 grammatici
451 3799 642 3864 sempternentum
658 3799 808 3850 secluserunt
829 3800 869 3850 Ba
889 3798 966 3849 Hanc
987 3799 1028 3848 La

61 3883 246 3929 mediocritatem
256 3882 328 3929 terete
335 3882 379 3929 ea

892 4004 976 4062 4ss
