<?xml version="1.0" encoding="UTF-8"?>
<!DOCTYPE html PUBLIC "-//W3C//DTD XHTML 1.0 Transitional//EN"
    "http://www.w3.org/TR/xhtml1/DTD/xhtml1-transitional.dtd">
<html xmlns="http://www.w3.org/1999/xhtml" xml:lang="en" lang="en">
 <head>
  <title>
</title>
<meta http-equiv="Content-Type" content="text/html;charset=utf-8" />
  <meta name='ocr-system' content='tesseract 3.04.00' />
  <meta name='ocr-capabilities' content='ocr_page ocr_carea ocr_par ocr_line ocrx_word'/>
</head>
<body>
  <div class='ocr_page' id='page_1' title='image "./deofficiislibri01cicegoog_0088.png"; bbox 0 0 2512 4192; ppageno 0'>
   <div class='ocr_carea' id='block_1_1' title="bbox 81 137 1127 234">
    <p class='ocr_par' dir='ltr' id='par_1_1' title="bbox 81 137 1127 234">
     <span class='ocr_line' id='line_1_1' title="bbox 81 137 1127 234; baseline 0 -21"><span class='ocrx_word' id='word_1_1' title='bbox 81 155 178 213; x_wconf 86' lang='lat' dir='ltr'>lxxx</span> <span class='ocrx_word' id='word_1_2' title='bbox 196 151 266 234; x_wconf 84' lang='lat'>107]</span> <span class='ocrx_word' id='word_1_3' title='bbox 349 163 472 214; x_wconf 80' lang='lat' dir='ltr'>natztrae</span> <span class='ocrx_word' id='word_1_4' title='bbox 490 137 720 215; x_wconf 76' lang='lat' dir='ltr'>conseruationem</span> <span class='ocrx_word' id='word_1_5' title='bbox 734 157 858 230; x_wconf 77' lang='lat' dir='ltr'><em>pertinet</em></span> <span class='ocrx_word' id='word_1_6' title='bbox 1089 170 1127 226; x_wconf 82' lang='lat'>39</span> 
     </span>
    </p>
   </div>
   <div class='ocr_carea' id='block_1_2' title="bbox 78 321 1129 693">
    <p class='ocr_par' dir='ltr' id='par_1_2' title="bbox 78 321 1129 693">
     <span class='ocr_line' id='line_1_2' title="bbox 79 321 1128 409; baseline -0.009 -20"><span class='ocrx_word' id='word_1_7' title='bbox 79 351 102 409; x_wconf 62' lang='lat' dir='ltr'>{u</span> <span class='ocrx_word' id='word_1_8' title='bbox 110 338 130 378; x_wconf 72' lang='lat'>1¹¹</span> <span class='ocrx_word' id='word_1_9' title='bbox 140 351 179 378; x_wconf 83' lang='lat' dir='ltr'>our</span> <span class='ocrx_word' id='word_1_10' title='bbox 192 339 293 397; x_wconf 66' lang='lat' dir='ltr'>ordinary</span> <span class='ocrx_word' id='word_1_11' title='bbox 331 326 437 386; x_wconf 89' lang='lat' dir='ltr'>borum</span> <span class='ocrx_word' id='word_1_12' title='bbox 458 327 631 387; x_wconf 81' lang='lat' dir='ltr'>obscenitas</span> <span class='ocrx_word' id='word_1_13' title='bbox 675 325 815 386; x_wconf 87' lang='lat' dir='ltr'>Ludendi</span> <span class='ocrx_word' id='word_1_14' title='bbox 833 323 923 384; x_wconf 89' lang='lat' dir='ltr'>etiam</span> <span class='ocrx_word' id='word_1_15' title='bbox 943 321 1128 399; x_wconf 88' lang='lat' dir='ltr'>estquidam</span> 
     </span>
     <span class='ocr_line' id='line_1_3' title="bbox 79 390 1129 495; baseline -0.001 -16"><span class='ocrx_word' id='word_1_16' title='bbox 79 399 146 484; x_wconf 53' lang='lat' dir='ltr'>llll?</span> <span class='ocrx_word' id='word_1_17' title='bbox 163 390 207 429; x_wconf 60' lang='lat' dir='ltr'>and</span> <span class='ocrx_word' id='word_1_18' title='bbox 223 391 292 430; x_wconf 53' lang='lat' dir='ltr'>dm</span> <span class='ocrx_word' id='word_1_19' title='bbox 331 424 438 482; x_wconf 92' lang='lat' dir='ltr'>modus</span> <span class='ocrx_word' id='word_1_20' title='bbox 471 423 651 495; x_wconf 88' lang='lat' dir='ltr'>retinendus,</span> <span class='ocrx_word' id='word_1_21' title='bbox 680 433 713 482; x_wconf 92' lang='lat' dir='ltr'>ut</span> <span class='ocrx_word' id='word_1_22' title='bbox 746 441 784 482; x_wconf 88' lang='lat' dir='ltr'>ne</span> <span class='ocrx_word' id='word_1_23' title='bbox 819 420 906 480; x_wconf 90' lang='lat' dir='ltr'>nimis</span> <span class='ocrx_word' id='word_1_24' title='bbox 937 418 1038 478; x_wconf 88' lang='lat' dir='ltr'>omnia</span> <span class='ocrx_word' id='word_1_25' title='bbox 1064 437 1129 495; x_wconf 80' lang='lat' dir='ltr'>pro</span> 
     </span>
     <span class='ocr_line' id='line_1_4' title="bbox 79 514 1128 596; baseline 0.005 -25"><span class='ocrx_word' id='word_1_26' title='bbox 79 514 238 574; x_wconf 84' lang='lat' dir='ltr'>fundamus</span> <span class='ocrx_word' id='word_1_27' title='bbox 266 516 393 593; x_wconf 89' lang='lat' dir='ltr'>elatique</span> <span class='ocrx_word' id='word_1_28' title='bbox 419 520 570 596; x_wconf 88' lang='lat' dir='ltr'>voluptate</span> <span class='ocrx_word' id='word_1_29' title='bbox 597 519 628 577; x_wconf 93' lang='lat' dir='ltr'>in</span> <span class='ocrx_word' id='word_1_30' title='bbox 656 518 784 595; x_wconf 85' lang='lat' dir='ltr'>aliquam</span> <span class='ocrx_word' id='word_1_31' title='bbox 811 516 1024 594; x_wconf 86' lang='lat' dir='ltr'>turpitudinem</span> <span class='ocrx_word' id='word_1_32' title='bbox 1051 517 1128 576; x_wconf 87' lang='lat' dir='ltr'>dela-</span> 
     </span>
     <span class='ocr_line' id='line_1_5' title="bbox 78 610 1127 693; baseline 0.003 -23"><span class='ocrx_word' id='word_1_33' title='bbox 78 610 189 672; x_wconf 89' lang='lat' dir='ltr'>bamur.</span> <span class='ocrx_word' id='word_1_34' title='bbox 234 614 428 691; x_wconf 82' lang='lat' dir='ltr'>Suppeditant</span> <span class='ocrx_word' id='word_1_35' title='bbox 442 628 541 677; x_wconf 86' lang='lat' dir='ltr'>autem</span> <span class='ocrx_word' id='word_1_36' title='bbox 556 628 585 678; x_wconf 91' lang='lat' dir='ltr'>et</span> <span class='ocrx_word' id='word_1_37' title='bbox 599 636 720 693; x_wconf 88' lang='lat' dir='ltr'>campus</span> <span class='ocrx_word' id='word_1_38' title='bbox 734 626 834 676; x_wconf 90' lang='lat' dir='ltr'>noster</span> <span class='ocrx_word' id='word_1_39' title='bbox 847 627 876 675; x_wconf 91' lang='lat' dir='ltr'>et</span> <span class='ocrx_word' id='word_1_40' title='bbox 890 615 988 674; x_wconf 89' lang='lat' dir='ltr'>studia</span> <span class='ocrx_word' id='word_1_41' title='bbox 1000 613 1127 675; x_wconf 86' lang='lat' dir='ltr'>venandi</span> 
     </span>
    </p>
   </div>
   <div class='ocr_carea' id='block_1_3' title="bbox 79 709 1170 790">
    <p class='ocr_par' dir='ltr' id='par_1_3' title="bbox 79 709 1170 790">
     <span class='ocr_line' id='line_1_6' title="bbox 79 709 1170 790; baseline 0.017 -24"><span class='ocrx_word' id='word_1_42' title='bbox 79 709 205 770; x_wconf 88' lang='lat' dir='ltr'>honesta</span> <span class='ocrx_word' id='word_1_43' title='bbox 218 715 352 790; x_wconf 85' lang='lat' dir='ltr'>exempla</span> <span class='ocrx_word' id='word_1_44' title='bbox 364 714 496 774; x_wconf 88' lang='lat' dir='ltr'>ludendi.</span> <span class='ocrx_word' id='word_1_45' title='bbox 1157 731 1170 777; x_wconf 88' lang='lat'>5</span> 
     </span>
    </p>
   </div>
   <div class='ocr_carea' id='block_1_4' title="bbox 33 804 1128 917">
    <p class='ocr_par' dir='ltr' id='par_1_4' title="bbox 33 804 1128 917">
     <span class='ocr_line' id='line_1_7' title="bbox 33 804 1128 915; baseline 0.005 -53"><span class='ocrx_word' id='word_1_46' title='bbox 33 804 67 854; x_wconf 75' lang='lat' dir='ltr'>lx</span> <span class='ocrx_word' id='word_1_47' title='bbox 104 864 133 915; x_wconf 58' lang='grc' dir='ltr'>(β)</span> <span class='ocrx_word' id='word_1_48' title='bbox 162 874 184 907; x_wconf 59' lang='grc' dir='ltr'><strong>ω</strong></span> <span class='ocrx_word' id='word_1_49' title='bbox 212 867 270 907; x_wconf 56' lang='lat' dir='ltr'>des,</span> <span class='ocrx_word' id='word_1_50' title='bbox 396 810 460 888; x_wconf 75' lang='lat'>105.</span> <span class='ocrx_word' id='word_1_51' title='bbox 504 814 567 872; x_wconf 87' lang='lat' dir='ltr'>Sed·</span> <span class='ocrx_word' id='word_1_52' title='bbox 581 812 707 890; x_wconf 86' lang='lat' dir='ltr'>pertinet</span> <span class='ocrx_word' id='word_1_53' title='bbox 727 814 766 872; x_wconf 96' lang='lat' dir='ltr'>ad</span> <span class='ocrx_word' id='word_1_54' title='bbox 786 831 905 872; x_wconf 90' lang='lat' dir='ltr'>omnem</span> <span class='ocrx_word' id='word_1_55' title='bbox 924 809 1012 872; x_wconf 89' lang='lat' dir='ltr'>officii</span> <span class='ocrx_word' id='word_1_56' title='bbox 1026 828 1128 886; x_wconf 66' lang='lat' dir='ltr'>quaes-</span> 
     </span>
     <span class='ocr_line' id='line_1_8' title="bbox 250 881 294 917; baseline 0.023 -10"><span class='ocrx_word' id='word_1_57' title='bbox 250 881 294 917; x_wconf 79' lang='lat' dir='ltr'>pise</span> 
     </span>
    </p>
   </div>
   <div class='ocr_carea' id='block_1_5' title="bbox 80 909 1139 1017">
    <p class='ocr_par' dir='ltr' id='par_1_5' title="bbox 80 909 1139 1017">
     <span class='ocr_line' id='line_1_9' title="bbox 80 909 1139 1017; baseline -0.001 -52"><span class='ocrx_word' id='word_1_58' title='bbox 80 916 168 1017; x_wconf 48' lang='lat' dir='ltr'>{502qu</span> <span class='ocrx_word' id='word_1_59' title='bbox 181 917 295 1008; x_wconf 54' lang='lat' dir='ltr'>ffillllss</span> <span class='ocrx_word' id='word_1_60' title='bbox 333 909 445 970; x_wconf 90' lang='lat' dir='ltr'>tionem</span> <span class='ocrx_word' id='word_1_61' title='bbox 473 930 589 987; x_wconf 82' lang='lat' dir='ltr'><strong>semper</strong></span> <span class='ocrx_word' id='word_1_62' title='bbox 615 911 646 969; x_wconf 93' lang='lat' dir='ltr'>in</span> <span class='ocrx_word' id='word_1_63' title='bbox 672 921 810 987; x_wconf 92' lang='lat' dir='ltr'>promptu</span> <span class='ocrx_word' id='word_1_64' title='bbox 838 910 954 982; x_wconf 85' lang='lat' dir='ltr'>habere,</span> <span class='ocrx_word' id='word_1_65' title='bbox 984 918 1139 985; x_wconf 89' lang='lat' dir='ltr'>quantum</span> 
     </span>
    </p>
   </div>
   <div class='ocr_carea' id='block_1_6' title="bbox 81 999 1173 2151">
    <p class='ocr_par' dir='ltr' id='par_1_6' title="bbox 81 999 1173 2151">
     <span class='ocr_line' id='line_1_10' title="bbox 81 999 1128 1079; baseline 0.001 -23"><span class='ocrx_word' id='word_1_66' title='bbox 81 1019 115 1067; x_wconf 77' lang='lat' dir='ltr'>ng</span> <span class='ocrx_word' id='word_1_67' title='bbox 128 1018 165 1058; x_wconf 70' lang='lat' dir='ltr'>ne</span> <span class='ocrx_word' id='word_1_68' title='bbox 178 1018 299 1070; x_wconf 83' lang='lat' dir='ltr'>dignityof</span> <span class='ocrx_word' id='word_1_69' title='bbox 333 1014 436 1065; x_wconf 85' lang='lat' dir='ltr'>natura</span> <span class='ocrx_word' id='word_1_70' title='bbox 462 1002 590 1062; x_wconf 90' lang='lat' dir='ltr'>hominis</span> <span class='ocrx_word' id='word_1_71' title='bbox 634 1003 796 1079; x_wconf 86' lang='lat' dir='ltr'>pecudibus</span> <span class='ocrx_word' id='word_1_72' title='bbox 830 1001 1007 1079; x_wconf 87' lang='lat' dir='ltr'>reliquisque</span> <span class='ocrx_word' id='word_1_73' title='bbox 1034 999 1128 1060; x_wconf 89' lang='lat' dir='ltr'>beluis</span> 
     </span>
     <span class='ocr_line' id='line_1_11' title="bbox 81 1077 1151 1176; baseline -0.007 -15"><span class='ocrx_word' id='word_1_74' title='bbox 81 1077 210 1119; x_wconf 55' lang='lat' dir='ltr'>‘mamre’</span> <span class='ocrx_word' id='word_1_75' title='bbox 333 1103 496 1162; x_wconf 86' lang='lat' dir='ltr'>antecedat.</span> <span class='ocrx_word' id='word_1_76' title='bbox 540 1104 613 1162; x_wconf 89' lang='lat' dir='ltr'>Illae</span> <span class='ocrx_word' id='word_1_77' title='bbox 632 1102 705 1161; x_wconf 93' lang='lat' dir='ltr'>nihil</span> <span class='ocrx_word' id='word_1_78' title='bbox 724 1101 853 1161; x_wconf 90' lang='lat' dir='ltr'>sentiunt</span> <span class='ocrx_word' id='word_1_79' title='bbox 873 1096 928 1159; x_wconf 84' lang='lat' dir='ltr'>nisi</span> <span class='ocrx_word' id='word_1_80' title='bbox 947 1101 1128 1176; x_wconf 89' lang='lat' dir='ltr'>voluptatem</span> <span class='ocrx_word' id='word_1_81' title='bbox 1149 1124 1151 1131; x_wconf 92' lang='grc'><strong><em>·</em></strong></span> 
     </span>
     <span class='ocr_line' id='line_1_12' title="bbox 82 1194 1173 1276; baseline -0.007 -20"><span class='ocrx_word' id='word_1_82' title='bbox 82 1196 120 1256; x_wconf 88' lang='lat' dir='ltr'>ad</span> <span class='ocrx_word' id='word_1_83' title='bbox 141 1216 270 1274; x_wconf 89' lang='lat' dir='ltr'>eamque</span> <span class='ocrx_word' id='word_1_84' title='bbox 292 1201 423 1259; x_wconf 87' lang='lat' dir='ltr'>feruntur</span> <span class='ocrx_word' id='word_1_85' title='bbox 443 1199 525 1259; x_wconf 92' lang='lat' dir='ltr'>omni</span> <span class='ocrx_word' id='word_1_86' title='bbox 545 1199 667 1276; x_wconf 90' lang='lat' dir='ltr'>impetu,</span> <span class='ocrx_word' id='word_1_87' title='bbox 689 1199 816 1258; x_wconf 90' lang='lat' dir='ltr'>hominis</span> <span class='ocrx_word' id='word_1_88' title='bbox 837 1210 936 1258; x_wconf 88' lang='lat' dir='ltr'>autem</span> <span class='ocrx_word' id='word_1_89' title='bbox 960 1215 1043 1256; x_wconf 89' lang='lat' dir='ltr'>mens</span> <span class='ocrx_word' id='word_1_90' title='bbox 1072 1194 1173 1253; x_wconf 85' lang='lat' dir='ltr'>dis-10</span> 
     </span>
     <span class='ocr_line' id='line_1_13' title="bbox 83 1290 1129 1372; baseline -0.003 -21"><span class='ocrx_word' id='word_1_91' title='bbox 83 1297 179 1356; x_wconf 90' lang='lat' dir='ltr'>cendo</span> <span class='ocrx_word' id='word_1_92' title='bbox 201 1297 288 1355; x_wconf 89' lang='lat' dir='ltr'>alitur</span> <span class='ocrx_word' id='word_1_93' title='bbox 314 1306 345 1355; x_wconf 91' lang='lat' dir='ltr'>et</span> <span class='ocrx_word' id='word_1_94' title='bbox 371 1295 539 1372; x_wconf 87' lang='lat' dir='ltr'>cogitando,</span> <span class='ocrx_word' id='word_1_95' title='bbox 566 1315 681 1372; x_wconf 88' lang='lat' dir='ltr'>semper</span> <span class='ocrx_word' id='word_1_96' title='bbox 707 1295 820 1372; x_wconf 89' lang='lat' dir='ltr'>aliquid</span> <span class='ocrx_word' id='word_1_97' title='bbox 846 1305 897 1354; x_wconf 86' lang='lat' dir='ltr'>aut</span> <span class='ocrx_word' id='word_1_98' title='bbox 924 1290 1050 1369; x_wconf 82' lang='lat' dir='ltr'>anquirit</span> <span class='ocrx_word' id='word_1_99' title='bbox 1077 1300 1129 1349; x_wconf 88' lang='lat' dir='ltr'>aut</span> 
     </span>
     <span class='ocr_line' id='line_1_14' title="bbox 83 1387 1128 1470; baseline -0.007 -18"><span class='ocrx_word' id='word_1_100' title='bbox 83 1391 139 1470; x_wconf 84' lang='lat' dir='ltr'>agit</span> <span class='ocrx_word' id='word_1_101' title='bbox 152 1392 335 1468; x_wconf 89' lang='lat' dir='ltr'>videndique</span> <span class='ocrx_word' id='word_1_102' title='bbox 349 1403 380 1452; x_wconf 91' lang='lat' dir='ltr'>et</span> <span class='ocrx_word' id='word_1_103' title='bbox 393 1392 534 1452; x_wconf 84' lang='lat' dir='ltr'>audiendi</span> <span class='ocrx_word' id='word_1_104' title='bbox 549 1392 744 1453; x_wconf 81' lang='lat' dir='ltr'>delectatione</span> <span class='ocrx_word' id='word_1_105' title='bbox 763 1392 885 1452; x_wconf 89' lang='lat' dir='ltr'>ducitur.</span> <span class='ocrx_word' id='word_1_106' title='bbox 930 1390 1011 1466; x_wconf 87' lang='lat' dir='ltr'>Quin</span> <span class='ocrx_word' id='word_1_107' title='bbox 1030 1387 1128 1459; x_wconf 87' lang='lat' dir='ltr'>etiarn,</span> 
     </span>
     <span class='ocr_line' id='line_1_15' title="bbox 83 1475 1130 1567; baseline -0.004 -19"><span class='ocrx_word' id='word_1_108' title='bbox 83 1489 193 1566; x_wconf 89' lang='lat' dir='ltr'>siquis</span> <span class='ocrx_word' id='word_1_109' title='bbox 215 1500 259 1549; x_wconf 88' lang='lat' dir='ltr'>est</span> <span class='ocrx_word' id='word_1_110' title='bbox 280 1491 369 1566; x_wconf 85' lang='lat' dir='ltr'>paulo</span> <span class='ocrx_word' id='word_1_111' title='bbox 390 1491 429 1549; x_wconf 89' lang='lat' dir='ltr'>ad</span> <span class='ocrx_word' id='word_1_112' title='bbox 455 1475 619 1567; x_wconf 87' lang='lat' dir='ltr'>voluptates</span> <span class='ocrx_word' id='word_1_113' title='bbox 640 1489 820 1567; x_wconf 89' lang='lat' dir='ltr'>propensior,</span> <span class='ocrx_word' id='word_1_114' title='bbox 842 1490 934 1550; x_wconf 91' lang='lat' dir='ltr'>modo</span> <span class='ocrx_word' id='word_1_115' title='bbox 962 1507 1000 1548; x_wconf 90' lang='lat' dir='ltr'>ne</span> <span class='ocrx_word' id='word_1_116' title='bbox 1028 1486 1065 1546; x_wconf 91' lang='lat' dir='ltr'>sit</span> <span class='ocrx_word' id='word_1_117' title='bbox 1092 1505 1130 1545; x_wconf 81' lang='lat' dir='ltr'>ex</span> 
     </span>
     <span class='ocr_line' id='line_1_16' title="bbox 83 1585 1129 1665; baseline -0.003 -18"><span class='ocrx_word' id='word_1_118' title='bbox 83 1589 233 1664; x_wconf 91' lang='lat' dir='ltr'>pecudum</span> <span class='ocrx_word' id='word_1_119' title='bbox 259 1599 474 1665; x_wconf 81' lang='lat' dir='ltr'>genere—sunt</span> <span class='ocrx_word' id='word_1_120' title='bbox 501 1588 581 1648; x_wconf 89' lang='lat' dir='ltr'>enim</span> <span class='ocrx_word' id='word_1_121' title='bbox 608 1586 891 1664; x_wconf 21' lang='lat' dir='ltr'>quidamhhomines</span> <span class='ocrx_word' id='word_1_122' title='bbox 921 1606 982 1645; x_wconf 93' lang='lat' dir='ltr'>non</span> <span class='ocrx_word' id='word_1_123' title='bbox 1015 1605 1054 1653; x_wconf 90' lang='lat' dir='ltr'>re,</span> <span class='ocrx_word' id='word_1_124' title='bbox 1076 1585 1129 1644; x_wconf 90' lang='lat' dir='ltr'>sed</span> 
     </span>
     <span class='ocr_line' id='line_1_17' title="bbox 83 1683 1171 1762; baseline -0.005 -18"><span class='ocrx_word' id='word_1_125' title='bbox 83 1683 299 1744; x_wconf 92' lang='lat' dir='ltr'>nomine-sed</span> <span class='ocrx_word' id='word_1_126' title='bbox 328 1683 353 1743; x_wconf 90' lang='lat' dir='ltr'>si</span> <span class='ocrx_word' id='word_1_127' title='bbox 380 1685 445 1761; x_wconf 92' lang='lat' dir='ltr'>quis</span> <span class='ocrx_word' id='word_1_128' title='bbox 473 1695 517 1745; x_wconf 92' lang='lat' dir='ltr'>est</span> <span class='ocrx_word' id='word_1_129' title='bbox 544 1687 642 1762; x_wconf 90' lang='lat' dir='ltr'>paullo</span> <span class='ocrx_word' id='word_1_130' title='bbox 660 1684 791 1758; x_wconf 88' lang='lat' dir='ltr'>erectior,</span> <span class='ocrx_word' id='word_1_131' title='bbox 820 1683 953 1760; x_wconf 86' lang='lat' dir='ltr'>quamvis</span> <span class='ocrx_word' id='word_1_132' title='bbox 979 1683 1129 1758; x_wconf 88' lang='lat' dir='ltr'>voluptate</span> <span class='ocrx_word' id='word_1_133' title='bbox 1145 1699 1171 1746; x_wconf 85' lang='lat'>15</span> 
     </span>
     <span class='ocr_line' id='line_1_18' title="bbox 83 1780 1130 1860; baseline -0.005 -18"><span class='ocrx_word' id='word_1_134' title='bbox 83 1782 221 1859; x_wconf 82' lang='lat' dir='ltr'>capiatur,</span> <span class='ocrx_word' id='word_1_135' title='bbox 244 1784 371 1842; x_wconf 90' lang='lat' dir='ltr'>occultat</span> <span class='ocrx_word' id='word_1_136' title='bbox 391 1793 421 1842; x_wconf 91' lang='lat' dir='ltr'>et</span> <span class='ocrx_word' id='word_1_137' title='bbox 449 1783 613 1843; x_wconf 88' lang='lat' dir='ltr'>dissimulat</span> <span class='ocrx_word' id='word_1_138' title='bbox 640 1782 801 1860; x_wconf 87' lang='lat' dir='ltr'>appetitum</span> <span class='ocrx_word' id='word_1_139' title='bbox 828 1780 984 1859; x_wconf 88' lang='lat' dir='ltr'>voluptatis</span> <span class='ocrx_word' id='word_1_140' title='bbox 1011 1790 1130 1858; x_wconf 89' lang='lat' dir='ltr'>propter</span> 
     </span>
     <span class='ocr_line' id='line_1_19' title="bbox 82 1879 1130 1959; baseline -0.003 -20"><span class='ocrx_word' id='word_1_141' title='bbox 82 1879 297 1940; x_wconf 81' lang='lat' dir='ltr'>verecundiam.</span> <span class='ocrx_word' id='word_1_142' title='bbox 344 1885 408 1941; x_wconf 89' lang='lat'>106.</span> <span class='ocrx_word' id='word_1_143' title='bbox 445 1883 492 1940; x_wconf 86' lang='lat' dir='ltr'>Ex</span> <span class='ocrx_word' id='word_1_144' title='bbox 514 1901 574 1957; x_wconf 93' lang='lat' dir='ltr'>quo</span> <span class='ocrx_word' id='word_1_145' title='bbox 596 1881 771 1959; x_wconf 87' lang='lat' dir='ltr'>intellegitur</span> <span class='ocrx_word' id='word_1_146' title='bbox 798 1880 926 1957; x_wconf 88' lang='lat' dir='ltr'>corporis</span> <span class='ocrx_word' id='word_1_147' title='bbox 948 1881 1130 1955; x_wconf 88' lang='lat' dir='ltr'>voluptatem</span> 
     </span>
     <span class='ocr_line' id='line_1_20' title="bbox 332 1977 1130 2055; baseline -0.004 -18"><span class='ocrx_word' id='word_1_148' title='bbox 332 1997 394 2037; x_wconf 93' lang='lat' dir='ltr'>non</span> <span class='ocrx_word' id='word_1_149' title='bbox 413 1978 482 2037; x_wconf 90' lang='lat' dir='ltr'>satis</span> <span class='ocrx_word' id='word_1_150' title='bbox 496 1998 561 2038; x_wconf 88' lang='lat' dir='ltr'>esse</span> <span class='ocrx_word' id='word_1_151' title='bbox 580 1978 700 2055; x_wconf 84' lang='lat' dir='ltr'>dignam</span> <span class='ocrx_word' id='word_1_152' title='bbox 713 1978 841 2037; x_wconf 90' lang='lat' dir='ltr'>hominis</span> <span class='ocrx_word' id='word_1_153' title='bbox 858 1977 1035 2055; x_wconf 87' lang='lat' dir='ltr'>praestantia</span> <span class='ocrx_word' id='word_1_154' title='bbox 1052 1996 1130 2035; x_wconf 89' lang='lat' dir='ltr'>eam-</span> 
     </span>
     <span class='ocr_line' id='line_1_21' title="bbox 83 2059 1129 2151; baseline -0.006 -20"><span class='ocrx_word' id='word_1_155' title='bbox 83 2060 130 2151; x_wconf 54' lang='lat' dir='ltr'>,ffi</span> <span class='ocrx_word' id='word_1_156' title='bbox 145 2059 307 2151; x_wconf 46' lang='lat' dir='ltr'>ffilssfffflff</span> <span class='ocrx_word' id='word_1_157' title='bbox 329 2082 391 2148; x_wconf 71' lang='lat' dir='ltr'>”que</span> <span class='ocrx_word' id='word_1_158' title='bbox 405 2069 557 2130; x_wconf 88' lang='lat' dir='ltr'>contemni</span> <span class='ocrx_word' id='word_1_159' title='bbox 570 2080 600 2130; x_wconf 89' lang='lat' dir='ltr'>et</span> <span class='ocrx_word' id='word_1_160' title='bbox 613 2069 683 2130; x_wconf 91' lang='lat' dir='ltr'>reici</span> <span class='ocrx_word' id='word_1_161' title='bbox 695 2081 846 2147; x_wconf 72' lang='lat' dir='ltr'>oportere,</span> <span class='ocrx_word' id='word_1_162' title='bbox 865 2070 910 2128; x_wconf 88' lang='lat' dir='ltr'>sin</span> <span class='ocrx_word' id='word_1_163' title='bbox 924 2069 961 2129; x_wconf 90' lang='lat' dir='ltr'>sit</span> <span class='ocrx_word' id='word_1_164' title='bbox 976 2067 1129 2146; x_wconf 88' lang='lat' dir='ltr'>quispiam</span> 
     </span>
    </p>
   </div>
   <div class='ocr_carea' id='block_1_7' title="bbox 83 2160 1175 2262">
    <p class='ocr_par' dir='ltr' id='par_1_7' title="bbox 83 2160 1175 2262">
     <span class='ocr_line' id='line_1_22' title="bbox 83 2160 1175 2262; baseline 0.001 -36"><span class='ocrx_word' id='word_1_165' title='bbox 83 2160 296 2262; x_wconf 58' lang='lat' dir='ltr'>ffi,⁰,l,{¹,¹h¹},¹fg{,¹,l,l{¹¹,⁵{</span> <span class='ocrx_word' id='word_1_166' title='bbox 333 2169 385 2246; x_wconf 92' lang='lat' dir='ltr'>qui</span> <span class='ocrx_word' id='word_1_167' title='bbox 398 2169 510 2245; x_wconf 91' lang='lat' dir='ltr'>aliquid</span> <span class='ocrx_word' id='word_1_168' title='bbox 529 2168 635 2228; x_wconf 87' lang='lat' dir='ltr'>tribuat</span> <span class='ocrx_word' id='word_1_169' title='bbox 649 2168 799 2246; x_wconf 87' lang='lat' dir='ltr'>voluptati,</span> <span class='ocrx_word' id='word_1_170' title='bbox 815 2168 969 2245; x_wconf 86' lang='lat' dir='ltr'>diligenter</span> <span class='ocrx_word' id='word_1_171' title='bbox 985 2168 1013 2229; x_wconf 90' lang='lat' dir='ltr'>ei</span> <span class='ocrx_word' id='word_1_172' title='bbox 1029 2180 1130 2229; x_wconf 88' lang='lat' dir='ltr'>tenen·</span> <span class='ocrx_word' id='word_1_173' title='bbox 1144 2188 1175 2221; x_wconf 79' lang='lat'>20</span> 
     </span>
    </p>
   </div>
   <div class='ocr_carea' id='block_1_8' title="bbox 82 2260 1173 2831">
    <p class='ocr_par' dir='ltr' id='par_1_8' title="bbox 82 2260 1173 2831">
     <span class='ocr_line' id='line_1_23' title="bbox 335 2260 1129 2338; baseline -0.003 -16"><span class='ocrx_word' id='word_1_174' title='bbox 335 2264 408 2322; x_wconf 91' lang='lat' dir='ltr'>dum</span> <span class='ocrx_word' id='word_1_175' title='bbox 422 2281 486 2321; x_wconf 89' lang='lat' dir='ltr'>esse</span> <span class='ocrx_word' id='word_1_176' title='bbox 499 2261 562 2321; x_wconf 90' lang='lat' dir='ltr'>eius</span> <span class='ocrx_word' id='word_1_177' title='bbox 581 2262 721 2321; x_wconf 81' lang='lat' dir='ltr'>fruendae</span> <span class='ocrx_word' id='word_1_178' title='bbox 739 2261 871 2320; x_wconf 91' lang='lat' dir='ltr'>modurn.</span> <span class='ocrx_word' id='word_1_179' title='bbox 915 2264 1021 2338; x_wconf 87' lang='lat' dir='ltr'>Itaque</span> <span class='ocrx_word' id='word_1_180' title='bbox 1035 2260 1129 2320; x_wconf 89' lang='lat' dir='ltr'>victus</span> 
     </span>
     <span class='ocr_line' id='line_1_24' title="bbox 83 2358 1129 2439; baseline -0.005 -16"><span class='ocrx_word' id='word_1_181' title='bbox 83 2365 238 2439; x_wconf 87' lang='lat' dir='ltr'>cultusque</span> <span class='ocrx_word' id='word_1_182' title='bbox 265 2359 395 2437; x_wconf 90' lang='lat' dir='ltr'>corporis</span> <span class='ocrx_word' id='word_1_183' title='bbox 418 2360 459 2418; x_wconf 87' lang='lat' dir='ltr'>ad</span> <span class='ocrx_word' id='word_1_184' title='bbox 477 2359 676 2419; x_wconf 88' lang='lat' dir='ltr'>valetudinem</span> <span class='ocrx_word' id='word_1_185' title='bbox 696 2360 835 2419; x_wconf 84' lang='lat' dir='ltr'>reseratur</span> <span class='ocrx_word' id='word_1_186' title='bbox 854 2370 884 2419; x_wconf 92' lang='lat' dir='ltr'>et</span> <span class='ocrx_word' id='word_1_187' title='bbox 904 2359 944 2419; x_wconf 87' lang='lat' dir='ltr'>ad</span> <span class='ocrx_word' id='word_1_188' title='bbox 962 2358 1046 2434; x_wconf 69' lang='lat' dir='ltr'>virm,</span> <span class='ocrx_word' id='word_1_189' title='bbox 1068 2378 1129 2419; x_wconf 91' lang='lat' dir='ltr'>non</span> 
     </span>
     <span class='ocr_line' id='line_1_25' title="bbox 83 2457 1130 2537; baseline -0.004 -16"><span class='ocrx_word' id='word_1_190' title='bbox 83 2463 120 2521; x_wconf 83' lang='lat' dir='ltr'>ad</span> <span class='ocrx_word' id='word_1_191' title='bbox 132 2461 324 2537; x_wconf 87' lang='lat' dir='ltr'>voluptatem.</span> <span class='ocrx_word' id='word_1_192' title='bbox 367 2460 466 2534; x_wconf 90' lang='lat' dir='ltr'>Atque</span> <span class='ocrx_word' id='word_1_193' title='bbox 485 2457 574 2517; x_wconf 87' lang='lat' dir='ltr'>etiam</span> <span class='ocrx_word' id='word_1_194' title='bbox 593 2457 618 2517; x_wconf 94' lang='lat' dir='ltr'>si</span> <span class='ocrx_word' id='word_1_195' title='bbox 637 2457 826 2517; x_wconf 84' lang='lat' dir='ltr'>considerare·</span> <span class='ocrx_word' id='word_1_196' title='bbox 841 2458 973 2517; x_wconf 89' lang='lat' dir='ltr'>volemus</span> <span class='ocrx_word' id='word_1_197' title='bbox 998 2476 1073 2533; x_wconf 89' lang='lat' dir='ltr'>quae</span> <span class='ocrx_word' id='word_1_198' title='bbox 1093 2458 1130 2518; x_wconf 91' lang='lat' dir='ltr'>sit</span> 
     </span>
     <span class='ocr_line' id='line_1_26' title="bbox 82 2553 1129 2631; baseline -0.004 -13"><span class='ocrx_word' id='word_1_199' title='bbox 82 2557 112 2618; x_wconf 89' lang='lat' dir='ltr'>in</span> <span class='ocrx_word' id='word_1_200' title='bbox 132 2568 238 2616; x_wconf 84' lang='lat' dir='ltr'>natura</span> <span class='ocrx_word' id='word_1_201' title='bbox 258 2555 381 2614; x_wconf 78' lang='lat' dir='ltr'>hominis</span> <span class='ocrx_word' id='word_1_202' title='bbox 401 2554 574 2615; x_wconf 87' lang='lat' dir='ltr'>excellentia</span> <span class='ocrx_word' id='word_1_203' title='bbox 597 2565 627 2614; x_wconf 91' lang='lat' dir='ltr'>et</span> <span class='ocrx_word' id='word_1_204' title='bbox 651 2553 785 2631; x_wconf 87' lang='lat' dir='ltr'>dignitas,</span> <span class='ocrx_word' id='word_1_205' title='bbox 806 2554 1018 2631; x_wconf 87' lang='lat' dir='ltr'>intellegemus,</span> <span class='ocrx_word' id='word_1_206' title='bbox 1040 2574 1129 2631; x_wconf 87' lang='lat' dir='ltr'>quam</span> 
     </span>
     <span class='ocr_line' id='line_1_27' title="bbox 83 2650 1173 2730; baseline -0.008 -15"><span class='ocrx_word' id='word_1_207' title='bbox 83 2654 118 2715; x_wconf 91' lang='lat' dir='ltr'>sit</span> <span class='ocrx_word' id='word_1_208' title='bbox 131 2665 219 2730; x_wconf 88' lang='lat' dir='ltr'>turpe</span> <span class='ocrx_word' id='word_1_209' title='bbox 239 2651 370 2712; x_wconf 91' lang='lat' dir='ltr'>diffluere</span> <span class='ocrx_word' id='word_1_210' title='bbox 389 2651 502 2710; x_wconf 87' lang='lat' dir='ltr'>luxuria</span> <span class='ocrx_word' id='word_1_211' title='bbox 520 2663 550 2712; x_wconf 92' lang='lat' dir='ltr'>et</span> <span class='ocrx_word' id='word_1_212' title='bbox 567 2651 691 2712; x_wconf 91' lang='lat' dir='ltr'>delicate</span> <span class='ocrx_word' id='word_1_213' title='bbox 708 2671 743 2710; x_wconf 90' lang='lat' dir='ltr'>ac</span> <span class='ocrx_word' id='word_1_214' title='bbox 759 2650 887 2712; x_wconf 89' lang='lat' dir='ltr'>molliter</span> <span class='ocrx_word' id='word_1_215' title='bbox 906 2651 1011 2726; x_wconf 90' lang='lat' dir='ltr'>vivere,</span> <span class='ocrx_word' id='word_1_216' title='bbox 1029 2670 1130 2728; x_wconf 87' lang='lat' dir='ltr'>quam·</span> <span class='ocrx_word' id='word_1_217' title='bbox 1144 2669 1173 2718; x_wconf 76' lang='lat'>25</span> 
     </span>
     <span class='ocr_line' id='line_1_28' title="bbox 83 2749 844 2831; baseline -0.004 -17"><span class='ocrx_word' id='word_1_218' title='bbox 83 2773 140 2831; x_wconf 88' lang='lat' dir='ltr'>que</span> <span class='ocrx_word' id='word_1_219' title='bbox 153 2753 314 2812; x_wconf 89' lang='lat' dir='ltr'>honestum</span> <span class='ocrx_word' id='word_1_220' title='bbox 328 2770 415 2828; x_wconf 87' lang='lat' dir='ltr'>parce</span> <span class='ocrx_word' id='word_1_221' title='bbox 428 2750 618 2827; x_wconf 89' lang='lat' dir='ltr'>continenter,</span> <span class='ocrx_word' id='word_1_222' title='bbox 627 2769 726 2811; x_wconf 90' lang='lat' dir='ltr'>severe</span> <span class='ocrx_word' id='word_1_223' title='bbox 739 2749 844 2811; x_wconf 89' lang='lat' dir='ltr'>sobrie.</span> 
     </span>
    </p>
   </div>
   <div class='ocr_carea' id='block_1_9' title="bbox 398 2846 1129 2926">
    <p class='ocr_par' dir='ltr' id='par_1_9' title="bbox 398 2846 1129 2926">
     <span class='ocr_line' id='line_1_29' title="bbox 398 2846 1129 2926; baseline 0.005 -21"><span class='ocrx_word' id='word_1_224' title='bbox 398 2864 462 2922; x_wconf 85' lang='lat'>107.</span> <span class='ocrx_word' id='word_1_225' title='bbox 506 2849 744 2925; x_wconf 88' lang='lat' dir='ltr'>Intellegendum</span> <span class='ocrx_word' id='word_1_226' title='bbox 757 2846 846 2908; x_wconf 88' lang='lat' dir='ltr'>etiarn</span> <span class='ocrx_word' id='word_1_227' title='bbox 865 2858 910 2908; x_wconf 89' lang='lat' dir='ltr'>est</span> <span class='ocrx_word' id='word_1_228' title='bbox 926 2850 1040 2909; x_wconf 90' lang='lat' dir='ltr'>duabus</span> <span class='ocrx_word' id='word_1_229' title='bbox 1060 2869 1129 2926; x_wconf 86' lang='lat' dir='ltr'>qua·</span> 
     </span>
    </p>
   </div>
   <div class='ocr_carea' id='block_1_10' title="bbox 82 2928 1130 3031">
    <p class='ocr_par' dir='ltr' id='par_1_10' title="bbox 82 2928 1130 3031">
     <span class='ocr_line' id='line_1_30' title="bbox 82 2928 1130 3031; baseline -0.005 -22"><span class='ocrx_word' id='word_1_230' title='bbox 82 2928 296 3031; x_wconf 43' lang='grc' dir='ltr'>μξὸζῇῥῗξξᾞζ</span> <span class='ocrx_word' id='word_1_231' title='bbox 334 2945 359 3004; x_wconf 92' lang='lat' dir='ltr'>si</span> <span class='ocrx_word' id='word_1_232' title='bbox 381 2963 435 3004; x_wconf 88' lang='lat' dir='ltr'>nos</span> <span class='ocrx_word' id='word_1_233' title='bbox 457 2964 476 3004; x_wconf 90' lang='lat' dir='ltr'>a</span> <span class='ocrx_word' id='word_1_234' title='bbox 499 2956 603 3004; x_wconf 89' lang='lat' dir='ltr'>natura</span> <span class='ocrx_word' id='word_1_235' title='bbox 622 2944 743 3004; x_wconf 92' lang='lat' dir='ltr'>indutos</span> <span class='ocrx_word' id='word_1_236' title='bbox 763 2963 828 3005; x_wconf 88' lang='lat' dir='ltr'>esse</span> <span class='ocrx_word' id='word_1_237' title='bbox 844 2945 984 3022; x_wconf 91' lang='lat' dir='ltr'>personis,</span> <span class='ocrx_word' id='word_1_238' title='bbox 1005 2966 1130 3022; x_wconf 87' lang='lat' dir='ltr'>quarum</span> 
     </span>
    </p>
   </div>
   <div class='ocr_carea' id='block_1_11' title="bbox 83 3031 1213 3132">
    <p class='ocr_par' dir='ltr' id='par_1_11' title="bbox 83 3031 1213 3132">
     <span class='ocr_line' id='line_1_31' title="bbox 83 3031 1213 3132; baseline 0.003 -36"><span class='ocrx_word' id='word_1_239' title='bbox 83 3031 296 3132; x_wconf 51' lang='grc' dir='ltr'>ξξρζζξζῑνξζξὼζξ</span> <span class='ocrx_word' id='word_1_240' title='bbox 332 3036 569 3098; x_wconf 88' lang='lat' dir='ltr'>unacommunis</span> <span class='ocrx_word' id='word_1_241' title='bbox 583 3049 627 3097; x_wconf 92' lang='lat' dir='ltr'>est</span> <span class='ocrx_word' id='word_1_242' title='bbox 646 3057 683 3097; x_wconf 86' lang='lat' dir='ltr'>ex</span> <span class='ocrx_word' id='word_1_243' title='bbox 696 3056 742 3110; x_wconf 88' lang='lat' dir='ltr'>e0‚</span> <span class='ocrx_word' id='word_1_244' title='bbox 758 3038 840 3113; x_wconf 93' lang='lat' dir='ltr'>quod</span> <span class='ocrx_word' id='word_1_245' title='bbox 858 3057 961 3098; x_wconf 91' lang='lat' dir='ltr'>omnes</span> <span class='ocrx_word' id='word_1_246' title='bbox 975 3038 1129 3116; x_wconf 87' lang='lat' dir='ltr'>participes</span> <span class='ocrx_word' id='word_1_247' title='bbox 1210 3087 1213 3090; x_wconf 79' lang='lat'>.</span> 
     </span>
    </p>
   </div>
   <div class='ocr_carea' id='block_1_12' title="bbox 82 3131 1176 3222">
    <p class='ocr_par' dir='ltr' id='par_1_12' title="bbox 82 3131 1176 3222">
     <span class='ocr_line' id='line_1_32' title="bbox 82 3131 1176 3222; baseline -0.008 -19"><span class='ocrx_word' id='word_1_248' title='bbox 82 3131 149 3222; x_wconf 60' lang='lat' dir='ltr'>{gliffi</span> <span class='ocrx_word' id='word_1_249' title='bbox 161 3131 297 3221; x_wconf 54' lang='lat' dir='ltr'>lgaffiffi</span> <span class='ocrx_word' id='word_1_250' title='bbox 335 3155 434 3196; x_wconf 91' lang='lat' dir='ltr'>sumus</span> <span class='ocrx_word' id='word_1_251' title='bbox 460 3133 580 3194; x_wconf 88' lang='lat' dir='ltr'>rationis</span> <span class='ocrx_word' id='word_1_252' title='bbox 605 3133 858 3212; x_wconf 87' lang='lat' dir='ltr'>praestantiaeque</span> <span class='ocrx_word' id='word_1_253' title='bbox 879 3134 950 3209; x_wconf 91' lang='lat' dir='ltr'>eius,</span> <span class='ocrx_word' id='word_1_254' title='bbox 973 3155 1033 3212; x_wconf 89' lang='lat' dir='ltr'>qua</span> <span class='ocrx_word' id='word_1_255' title='bbox 1051 3147 1131 3196; x_wconf 83' lang='lat' dir='ltr'>ante·</span> <span class='ocrx_word' id='word_1_256' title='bbox 1145 3159 1176 3205; x_wconf 78' lang='lat'>50</span> 
     </span>
    </p>
   </div>
   <div class='ocr_carea' id='block_1_13' title="bbox 81 3229 1132 3330">
    <p class='ocr_par' dir='ltr' id='par_1_13' title="bbox 81 3229 1132 3330">
     <span class='ocr_line' id='line_1_33' title="bbox 81 3229 1132 3330; baseline 0.008 -44"><span class='ocrx_word' id='word_1_257' title='bbox 81 3229 298 3330; x_wconf 56' lang='lat' dir='ltr'>{lfflpalellffii</span> <span class='ocrx_word' id='word_1_258' title='bbox 335 3233 466 3293; x_wconf 90' lang='lat' dir='ltr'>cellimus</span> <span class='ocrx_word' id='word_1_259' title='bbox 487 3231 596 3306; x_wconf 88' lang='lat' dir='ltr'>bestiis,</span> <span class='ocrx_word' id='word_1_260' title='bbox 621 3252 639 3292; x_wconf 87' lang='lat' dir='ltr'>a</span> <span class='ocrx_word' id='word_1_261' title='bbox 666 3252 725 3309; x_wconf 86' lang='lat' dir='ltr'>qua</span> <span class='ocrx_word' id='word_1_262' title='bbox 752 3251 841 3292; x_wconf 92' lang='lat' dir='ltr'>omne</span> <span class='ocrx_word' id='word_1_263' title='bbox 863 3233 1021 3293; x_wconf 89' lang='lat' dir='ltr'>honestum</span> <span class='ocrx_word' id='word_1_264' title='bbox 1045 3234 1132 3294; x_wconf 79' lang='lat' dir='ltr'>deco</span> 
     </span>
    </p>
   </div>
   <div class='ocr_carea' id='block_1_14' title="bbox 82 3329 1216 3602">
    <p class='ocr_par' dir='ltr' id='par_1_14' title="bbox 82 3329 1216 3602">
     <span class='ocr_line' id='line_1_34' title="bbox 82 3329 1131 3429; baseline 0 -39"><span class='ocrx_word' id='word_1_265' title='bbox 82 3329 298 3429; x_wconf 40' lang='lat' dir='ltr'>&amp;labilium</span> <span class='ocrx_word' id='word_1_266' title='bbox 334 3351 457 3408; x_wconf 90' lang='lat' dir='ltr'>rumque</span> <span class='ocrx_word' id='word_1_267' title='bbox 485 3330 607 3390; x_wconf 89' lang='lat' dir='ltr'>trahitur</span> <span class='ocrx_word' id='word_1_268' title='bbox 634 3342 664 3391; x_wconf 90' lang='lat' dir='ltr'>et</span> <span class='ocrx_word' id='word_1_269' title='bbox 691 3351 728 3390; x_wconf 86' lang='lat' dir='ltr'>ex</span> <span class='ocrx_word' id='word_1_270' title='bbox 762 3349 822 3406; x_wconf 86' lang='lat' dir='ltr'>qua</span> <span class='ocrx_word' id='word_1_271' title='bbox 853 3330 928 3391; x_wconf 90' lang='lat' dir='ltr'>ratio</span> <span class='ocrx_word' id='word_1_272' title='bbox 961 3330 1131 3392; x_wconf 91' lang='lat' dir='ltr'>inveniendi</span> 
     </span>
     <span class='ocr_line' id='line_1_35' title="bbox 335 3423 1132 3502; baseline 0 -16"><span class='ocrx_word' id='word_1_273' title='bbox 335 3425 424 3486; x_wconf 90' lang='lat' dir='ltr'>officii</span> <span class='ocrx_word' id='word_1_274' title='bbox 437 3423 603 3501; x_wconf 86' lang='lat' dir='ltr'>exquiritur,</span> <span class='ocrx_word' id='word_1_275' title='bbox 618 3426 708 3484; x_wconf 86' lang='lat' dir='ltr'>altera</span> <span class='ocrx_word' id='word_1_276' title='bbox 723 3435 832 3498; x_wconf 90' lang='lat' dir='ltr'>autem,</span> <span class='ocrx_word' id='word_1_277' title='bbox 848 3444 924 3501; x_wconf 91' lang='lat' dir='ltr'>quae</span> <span class='ocrx_word' id='word_1_278' title='bbox 941 3425 1057 3502; x_wconf 91' lang='lat' dir='ltr'>proprie</span> <span class='ocrx_word' id='word_1_279' title='bbox 1076 3427 1132 3486; x_wconf 91' lang='lat' dir='ltr'>sin-</span> 
     </span>
     <span class='ocr_line' id='line_1_36' title="bbox 84 3520 1216 3602; baseline -0.001 -17"><span class='ocrx_word' id='word_1_280' title='bbox 84 3524 157 3602; x_wconf 86' lang='lat' dir='ltr'>gulis</span> <span class='ocrx_word' id='word_1_281' title='bbox 177 3534 223 3586; x_wconf 90' lang='lat' dir='ltr'>est</span> <span class='ocrx_word' id='word_1_282' title='bbox 243 3521 358 3583; x_wconf 83' lang='lat' dir='ltr'>tributa</span> <span class='ocrx_word' id='word_1_283' title='bbox 401 3523 446 3583; x_wconf 93' lang='lat' dir='ltr'>Ut</span> <span class='ocrx_word' id='word_1_284' title='bbox 465 3520 546 3583; x_wconf 88' lang='lat' dir='ltr'>enim</span> <span class='ocrx_word' id='word_1_285' title='bbox 566 3520 597 3579; x_wconf 93' lang='lat' dir='ltr'>in</span> <span class='ocrx_word' id='word_1_286' title='bbox 618 3521 787 3598; x_wconf 89' lang='lat' dir='ltr'>corporibus</span> <span class='ocrx_word' id='word_1_287' title='bbox 809 3541 934 3600; x_wconf 87' lang='lat' dir='ltr'>magnae</span> <span class='ocrx_word' id='word_1_288' title='bbox 956 3521 1133 3583; x_wconf 86' lang='lat' dir='ltr'>dissimilitu·</span> <span class='ocrx_word' id='word_1_289' title='bbox 1213 3554 1216 3561; x_wconf 49' lang='lat'><em>⁴</em></span> 
     </span>
    </p>
   </div>
   <div class='ocr_carea' id='block_1_15' title="bbox 84 3669 1132 3889">
    <p class='ocr_par' dir='ltr' id='par_1_15' title="bbox 84 3669 1132 3889">
     <span class='ocr_line' id='line_1_37' title="bbox 84 3669 1131 3739; baseline -0.003 -17"><span class='ocrx_word' id='word_1_290' title='bbox 84 3673 172 3739; x_wconf 80' lang='lat' dir='ltr'>dignus</span> <span class='ocrx_word' id='word_1_291' title='bbox 186 3674 278 3738; x_wconf 85' lang='lat' dir='ltr'>Unger,</span> <span class='ocrx_word' id='word_1_292' title='bbox 293 3679 321 3722; x_wconf 89' lang='lat' dir='ltr'>ut</span> <span class='ocrx_word' id='word_1_293' title='bbox 335 3672 357 3722; x_wconf 88' lang='lat' dir='ltr'>si</span> <span class='ocrx_word' id='word_1_294' title='bbox 368 3671 470 3721; x_wconf 89' lang='lat' dir='ltr'>remisso</span> <span class='ocrx_word' id='word_1_295' title='bbox 485 3671 576 3730; x_wconf 89' lang='lat' dir='ltr'>animo,</span> <span class='ocrx_word' id='word_1_296' title='bbox 588 3671 682 3739; x_wconf 78' lang='lat' dir='ltr'>magno&#39;</span> <span class='ocrx_word' id='word_1_297' title='bbox 696 3670 798 3719; x_wconf 89' lang='lat' dir='ltr'>homine</span> <span class='ocrx_word' id='word_1_298' title='bbox 809 3670 899 3734; x_wconf 91' lang='lat' dir='ltr'>dignus</span> <span class='ocrx_word' id='word_1_299' title='bbox 910 3669 1006 3727; x_wconf 80' lang='lat' dir='ltr'>Heine;</span> <span class='ocrx_word' id='word_1_300' title='bbox 1021 3669 1057 3729; x_wconf 84' lang='lat' dir='ltr'>fit,</span> <span class='ocrx_word' id='word_1_301' title='bbox 1070 3670 1131 3719; x_wconf 82' lang='lat' dir='ltr'>atsi</span> 
     </span>
     <span class='ocr_line' id='line_1_38' title="bbox 85 3751 1132 3816; baseline -0.004 -10"><span class='ocrx_word' id='word_1_302' title='bbox 85 3754 185 3806; x_wconf 81' lang='lat' dir='ltr'>remisso</span> <span class='ocrx_word' id='word_1_303' title='bbox 200 3755 294 3814; x_wconf 81' lang='lat' dir='ltr'>animo,</span> <span class='ocrx_word' id='word_1_304' title='bbox 312 3753 413 3804; x_wconf 88' lang='lat' dir='ltr'>homine</span> <span class='ocrx_word' id='word_1_305' title='bbox 430 3753 519 3816; x_wconf 87' lang='lat' dir='ltr'>dignus</span> <span class='ocrx_word' id='word_1_306' title='bbox 535 3753 566 3802; x_wconf 84' lang='lat' dir='ltr'>St</span> <span class='ocrx_word' id='word_1_307' title='bbox 614 3756 625 3811; x_wconf 79' lang='lat' dir='ltr'>u</span> <span class='ocrx_word' id='word_1_308' title='bbox 677 3767 708 3814; x_wconf 77' lang='lat'>²4</span> <span class='ocrx_word' id='word_1_309' title='bbox 724 3758 813 3800; x_wconf 84' lang='lat' dir='ltr'>natura</span> <span class='ocrx_word' id='word_1_310' title='bbox 829 3751 905 3807; x_wconf 69' lang='lat' dir='ltr'>codd..</span> <span class='ocrx_word' id='word_1_311' title='bbox 922 3758 1009 3799; x_wconf 86' lang='lat' dir='ltr'>natura</span> <span class='ocrx_word' id='word_1_312' title='bbox 1024 3751 1132 3802; x_wconf 82' lang='lat' dir='ltr'>hominis</span> 
     </span>
     <span class='ocr_line' id='line_1_39' title="bbox 85 3836 311 3889; baseline -0.022 0"><span class='ocrx_word' id='word_1_313' title='bbox 85 3836 121 3889; x_wconf 75' lang='lat' dir='ltr'>Be</span> <span class='ocrx_word' id='word_1_314' title='bbox 131 3837 170 3888; x_wconf 84' lang='lat' dir='ltr'>Or</span> <span class='ocrx_word' id='word_1_315' title='bbox 177 3837 261 3888; x_wconf 80' lang='lat' dir='ltr'>Heine</span> <span class='ocrx_word' id='word_1_316' title='bbox 268 3837 311 3885; x_wconf 80' lang='lat' dir='ltr'>Lu</span> 
     </span>
    </p>
   </div>
   <div class='ocr_carea' id='block_1_16' title="bbox 0 0 1264 4192">
    <p class='ocr_par' dir='ltr' id='par_1_16' title="bbox 0 0 1264 4192">
     <span class='ocr_line' id='line_1_40' title="bbox 0 0 1264 4192; baseline 0 0"><span class='ocrx_word' id='word_1_317' title='bbox 0 0 1264 4192; x_wconf 95' lang='lat' dir='ltr'> </span> 
     </span>
    </p>
   </div>
  </div>
 </body>
</html>
