2512 4192
101 204 137 243 22
297 183 348 242 De
363 185 478 242 secundo
497 181 580 257 efficti
588 183 673 258 fonte
689 182 749 240 siue
766 181 949 258 Beneficentt'a
985 178 1014 262 [I
1028 196 1149 260 xru155

100 356 270 416 communia
292 355 399 416 omnia.
444 357 481 416 Id
503 366 603 415 autem
627 365 671 414 est
698 354 874 431 principium
902 355 981 415 urbis
1006 356 1147 434 et2quasi

100 451 289 511 seminarium
302 450 344 511 rei
358 451 501 528 publicae.
524 454 692 528 Sequuntur
703 455 822 511 fratrum
836 452 1071 526 coniunctiones,
1082 465 1148 529 post

100 550 343 611 consobrinorum
352 550 604 627 sobrinorumque,
614 551 668 627 'qui
682 571 750 610 cum
759 571 819 610 una
832 553 924 611 domo
938 552 998 611 iam
1012 551 1079 629 capi
1087 572 1146 612 non

99 648 221 726 possint,
237 648 268 708 in
281 649 352 708 alias
367 649 473 708 domos
487 659 640 724 tamquam
654 649 685 708 in
699 649 830 709 colonias
839 661 956 710 exeunt
979 652 1147 727 Sequuntur

101 745 229 805 conubia
242 756 272 805 et
285 745 459 818 adfinitates,
470 765 507 805 ex
521 745 627 821 quibus
641 746 730 806 etiam
743 748 841 823 plures
852 747 1018 824 propinqui.
1063 749 1145 823 Quae
1172 779 1179 824 ξ

99 843 271 920 propagatio
287 855 317 903 et
338 844 455 903 suboles
476 842 557 920 origo
578 855 622 903 est
642 864 739 903 rerum
759 844 950 921 publicarum
993 846 1145 924 Sanguinis

101 952 200 1000 autem
214 941 384 1001 coniunctio
398 952 428 1000 et
441 941 648 1001 benevolentia
667 942 796 1002 devincit
815 943 951 1003 homines
968 954 999 1003 et
1017 944 1143 1004 caritate.

102 1053 148 1112 55.
192 1039 336 1114 Magnum
356 1048 401 1098 est
422 1039 500 1098 enim
522 1039 628 1098 eadem
649 1039 757 1098 habere
778 1050 971 1099 monumenta
991 1040 1143 1114 maiorum,

100 1135 213 1195 eisdem
233 1135 277 1195 uti
297 1136 393 1208 sacris,
410 1139 565 1212 sepulchra
584 1136 693 1196 habere
714 1135 892 1195 communia.
935 1137 995 1196 Sed
1012 1137 1144 1196 omnium

343 1233 523 1314 ¹societatum
540 1235 621 1292 nulla
640 1233 833 1311 praestantior
851 1243 904 1305 est,
924 1236 1007 1292 nulla
1026 1233 1142 1306 firmior,
1157 1259 1179 1293 ιο

100 1321 314 1414 οξξζίξζᾞξῇἱξξῃοῇ
349 1349 439 1405 quam
453 1350 522 1389 cum
536 1330 589 1389 viri
603 1329 674 1390 boni
688 1329 819 1389 moribus
836 1329 946 1389 similes
960 1341 1030 1390 sunt
1044 1331 1144 1390 famili·

99 1423 312 1524 {svssfggdgssg'gmeff
349 1427 451 1487 aritate
472 1427 629 1487 coniuncti.
674 1428 754 1487 Illud
774 1426 855 1486 enim
876 1428 1045 1501 honestum,
1063 1430 1144 1505 quod

347 1544 434 1601 saepe
450 1525 583 1599 dicimus
593 1525 682 1585 etiam
697 1525 721 1584 si
735 1524 766 1583 in
777 1525 835 1584 alio
849 1525 1007 1595 cernimus,
1021 1523 1142 1608 [tamen]

99 1639 153 1681 nos
177 1632 276 1682 movet
300 1633 389 1698 atque
412 1623 462 1696 illi,
487 1623 518 1683 in
539 1643 599 1699 quo
619 1622 651 1682 id
671 1622 767 1683 inesse
787 1621 910 1694 videtur,
932 1623 1045 1684 amicos
1066 1622 1141 1684 facit.

100 1718 149 1792 56.
191 1720 230 1777 Et
250 1737 430 1794 quamquam
451 1719 547 1778 omnis
567 1719 658 1778 virtus
679 1737 733 1778 nos
754 1719 793 1777 ad
809 1738 841 1778 se
857 1717 947 1778 allicit
967 1719 1097 1796 facitque
1111 1732 1142 1780 ut
1155 1738 1179 1789 ιε

98 1832 150 1872 eos
172 1814 326 1891 diligamus
343 1815 373 1873 in
390 1815 497 1891 quibus
516 1814 579 1892 ipsa
592 1815 687 1875 inesse
703 1815 844 1889 videatur,
867 1826 967 1875 tamen
986 1816 1096 1877 iustitia
1113 1828 1142 1877 et

98 1907 253 1969 liberalitas
274 1910 306 1969 id
326 1911 453 1971 maxime
474 1911 569 1972 efficit.
613 1912 696 1971 Nihil
716 1923 816 1972 autem
838 1923 882 1972 est
904 1913 1060 1973 amabilius
1086 1933 1142 1974 nec

98 2006 261 2082 copulatius
277 2027 366 2083 quam
379 2028 495 2068 morum
515 2008 676 2070 similitudo
696 2010 851 2097 bonorum.
888 2012 926 2070 In
940 2011 1049 2088 quibus
1062 2013 1141 2073 enim

97 2107 203 2165 eadem
224 2107 320 2191 studia
338 2118 414 2181 sunt,
430 2111 553 2169 eaedem
566 2111 740 2183 voluntates,
756 2109 787 2169 in
805 2109 840 2169 iis
858 2111 891 2169 fit
909 2121 943 2170 ut
956 2130 1052 2189 aeque
1066 2113 1142 2190 quis

98 2221 156 2278 que
171 2204 261 2262 altero
273 2204 433 2263 delectetur
446 2225 482 2263 ac
495 2225 527 2265 se
540 2204 614 2281 ipso,
626 2205 809 2281 efficiturque
823 2205 855 2265 id
864 2206 947 2282 quod
960 2209 1140 2287 Pythagoras
1152 2228 1179 2264 πο

122 2365 262 2416 interchange
289 2367 313 2407 os
347 2305 409 2363 vult
422 2303 453 2362 in
467 2304 603 2378 amicitia,
619 2316 651 2365 ut
661 2323 738 2363 unus
752 2307 802 2363 fiat
816 2324 853 2364 ex
866 2304 1006 2381 pluribus.
1031 2309 1140 2386 Magna

65 2402 68 2409 '
96 2416 311 2458 kirtdnessesanoner
347 2398 437 2458 etiam
463 2398 513 2459 illa
539 2400 736 2459 communitas
763 2410 807 2459 est
831 2419 908 2476 quae
929 2402 1085 2463 conficitur
1105 2424 1140 2464 ex

97 2468 160 2509 Μ’
347 2497 496 2558 beneficiis
517 2500 594 2558 ultro
614 2508 644 2557 et
664 2497 737 2557 citro
759 2497 834 2557 datis
854 2499 992 2575 acceptis,
1014 2519 1091 2577 quae
1111 2511 1139 2561 et

97 2603 200 2652 mutua
213 2602 242 2652 ct
256 2603 336 2670 grata
350 2594 422 2652 dum
436 2606 513 2669 sunt,
528 2594 603 2654 iriter
617 2614 692 2672 quos
706 2614 742 2655 ea
755 2606 823 2655 sunt
837 2597 920 2654 firma
934 2597 1139 2659 devinciuntur

97 2691 242 2751 societate.
1148 2708 1173 2756 25

157 2804 202 2863 57.
246 2789 304 2847 Sed
324 2809 393 2848 cum
414 2788 514 2848 omnia
533 2788 646 2849 ratione
666 2787 825 2866 animoque
845 2789 982 2864 lustraris,
1005 2791 1137 2853 omnium

96 2882 269 2941 societatum
303 2886 384 2943 nulla
417 2895 461 2960 est
494 2884 615 2962 gravior,
644 2887 725 2944 nulla
752 2885 845 2945 carior
871 2906 962 2963 quam
989 2908 1034 2964 ea,
1063 2909 1136 2967 quae

107 3013 306 3055 Thegesoscoun,
342 3000 411 3039 cum
431 3000 462 3041 re
482 2982 601 3058 publica
623 2992 668 3042 est
687 2981 740 3041 uni
760 2981 867 3058 cuique
885 2995 1027 3045 nostrum.
1071 2985 1137 3048 Cari

96 3065 305 3155 ξξζξζῗἛξῖἃξῑζζῗ
342 3092 410 3140 sunt
436 3089 580 3157 parentes,
605 3079 664 3139 cari
685 3079 769 3140 liberi
791 3080 949 3158 propinqui
973 3083 1134 3158 familiares,

97 3164 151 3215 ‘bip‘
341 3178 394 3236 sed
418 3197 521 3237 omnes
545 3176 679 3236 omnium
703 3177 836 3237 caritates
859 3178 953 3255 patria
976 3200 1037 3240 una
1059 3196 1168 3247 com-30

94 3273 180 3346 plexa
206 3282 258 3345 est,
283 3290 336 3348 pro
364 3292 423 3349 qua
446 3273 511 3348 quis
532 3273 628 3333 bonus
653 3273 767 3334 dubitet
789 3285 915 3335 mortem
939 3288 1093 3354 oppetere,·
1111 3277 1134 3338 si

93 3367 121 3425 ei
148 3367 185 3427 sit
208 3370 399 3444 profuturus?
439 3370 509 3444 Quo
531 3382 575 3429 est
597 3371 796 3431 detestabilior
818 3371 942 3432 istorum
968 3373 1131 3446 inmanitas

94 3464 144 3540 qui
157 3467 320 3524 lacerarunt
334 3465 416 3525 omni
434 3467 542 3526 scelere
563 3467 686 3543 patriam
704 3479 734 3528 et
753 3467 784 3526 in
803 3487 839 3528 ea
857 3469 990 3530 funditus
1007 3471 1131 3533 delenda

142 3634 197 3688 7et
216 3626 521 3676 benevolentia-caritate
539 3627 604 3675 codd.
621 3628 717 3692 antiqq.
753 3632 763 3685 ΙΙ
801 3643 829 3691 13
846 3634 930 3679 tamen
945 3629 1017 3680 una&
1032 3630 1131 3681 inabdt't

92 3709 132 3758 Ba
141 3708 262 3772 probante
271 3708 352 3756 Heine
386 3712 396 3765 ΙΙ
432 3723 460 3756 21
474 3707 587 3756 ultimum
597 3709 624 3757 in
634 3709 743 3759 amicitia
754 3710 851 3774 putavit
863 3711 944 3760 Helm
955 3714 1129 3776 portll'm'm

89 3803 110 3836 s.
118 3803 142 3835 v.
154 3787 271 3836 ultimum
276 3802 288 3846 ;
303 3788 357 3836 vide
367 3793 416 3836 not.
428 3787 489 3837 adl.
525 3792 536 3847 u
571 3802 603 3852 23
617 3789 686 3841 ultro
698 3796 725 3841 et
738 3790 837 3841 citroZ
848 3790 892 3841 Ba
900 3790 1127 3853 Humanam

78 3869 145 3916 ultro
156 3869 219 3917 citro
234 3869 275 3919 Or.
