2512 4192
109 163 243 248 Iv119]
338 167 388 226 De
398 168 499 244 primo
518 168 602 244 officii
610 170 695 245 sonte
712 171 772 229 siae
790 170 940 247 Sapientia
1143 193 1162 250 9

106 326 328 419 ffifffflffi
366 327 475 405 plicata
492 340 569 402 sunt,
585 341 686 389 tamen
704 348 741 388 ex
760 329 883 407 singulis
902 342 981 390 certa
998 329 1162 392 officiorum

106 427 330 520 mmgffi
364 444 473 502 genera
486 437 665 489 nascuntur:
685 430 766 488 velut
775 447 812 488 ex
826 447 861 487 ea
875 438 966 504 parte,
979 447 1055 504 quae
1068 428 1162 505 prima

107 526 273 667 {pi-siffis&
289 529 328 620 113}
363 524 510 600 descripta
530 535 583 597 est,
603 523 635 583 in
649 543 708 601 qua
726 523 902 601 sapientiam
924 535 953 585 et
973 524 1162 602 prudentiam

108 629 325 722 etiffiffietpepss
362 618 510 695 ponimus,
535 618 613 678 inest
638 618 789 696 indagatio
812 631 902 696 atque
926 619 1059 681 inventio
1083 619 1161 695 veri3

107 728 261 818 pvesugauon
303 732 329 773 or
364 732 486 790 eiusque
504 713 618 774 virtutis
634 716 693 774 hoc
713 734 820 774 munus
843 725 887 775 est
906 715 1067 792 proprium.
1113 719 1158 776 16.
1191 734 1205 785 5

107 779 180 870 itmish
188 780 326 881 &dih
365 809 410 868 Ut
429 808 509 868 enim
530 810 656 886 quisque
676 810 805 870 maxime
825 811 971 888 perspicit,
990 812 1063 889 quid
1080 811 1112 872 in
1130 832 1161 874 re

107 879 152 970 iii
154 889 231 990 1232ss
243 881 325 985 {iffi}
364 924 481 984 quaque
489 907 673 967 verissimum
683 907 729 980 sit,
739 907 849 984 quique
858 906 1024 968 acutissime
1036 920 1065 968 et
1074 910 1162 969 celer·

107 981 218 1032 praesen.
363 1004 437 1063 rime
457 1014 556 1080 potest
576 1014 606 1063 et
626 1003 725 1063 videre
746 1014 776 1062 et
796 1003 942 1079 explicare
963 1003 1115 1076 rationem,
1136 1003 1160 1064 is

107 1098 356 1175 prudentissimus
364 1113 394 1161 et
402 1099 633 1177 sapientissimus
644 1099 697 1160 rite
708 1099 810 1159 haberi
821 1101 902 1159 solet.
936 1099 1162 1174 Quocircahuic

109 1194 195 1271 quasi
216 1197 346 1270 materia,
362 1216 453 1274 quam
473 1207 576 1256 tractet
595 1208 625 1256 et
638 1196 670 1255 in
684 1216 743 1273 qua
756 1207 894 1269 versetur,
909 1196 1042 1255 subiecta
1055 1208 1100 1257 est
1113 1215 1160 1257 ve·
1176 1221 1205 1256 10

107 1291 186 1351 ritas.
234 1309 278 1368 17.
321 1293 456 1370 Reliquis
476 1304 576 1352 autem
597 1292 689 1353 tribus
710 1292 864 1352 virtutibus
885 1292 1074 1352 necessitates
1095 1312 1160 1370 pro-

107 1387 225 1464 positae
246 1401 315 1449 sunt
335 1391 373 1450 ad
388 1409 437 1450 eas
451 1409 497 1449 res
511 1391 656 1465 parandas
670 1390 854 1465 tuendasque
869 1388 976 1464 quibus
990 1388 1068 1448 actio
1082 1389 1160 1450 vitae

107 1485 287 1560 continetur,
307 1497 340 1546 ut
360 1498 390 1547 et
410 1486 535 1547 societas
556 1486 711 1546 hominum
732 1485 961 1561 coniunctioque
982 1496 1112 1545 servetur
1129 1496 1160 1545 et

107 1581 202 1643 animi
216 1583 390 1643 excellentia
403 1583 636 1660 magnitudoque
650 1602 720 1641 cum
734 1581 765 1641 in
778 1581 920 1659 augendis
935 1581 1041 1658 opibus
1055 1581 1159 1640 utilita-

107 1678 250 1756 tibusque
270 1690 301 1739 et
321 1679 377 1738 sibi
397 1689 427 1740 et
448 1679 508 1739 suis
529 1671 743 1754 comparandis,
759 1688 822 1737 tum
842 1679 935 1737 multo
954 1677 1046 1755 magis
1065 1677 1096 1737 in
1113 1677 1158 1737 his
1174 1695 1202 1743 15

107 1775 180 1854 ipsis
195 1775 393 1853 despiciendis
407 1777 529 1836 eluceat
573 1777 656 1837 Ordo
670 1786 769 1834 autem
784 1786 813 1834 et
828 1774 993 1837 constantia
1009 1785 1038 1834 et
1059 1775 1160 1834 mode·

61 1919 67 1929 .
107 1872 183 1934 ratio
198 1883 228 1933 et
242 1892 278 1932 ea
291 1892 367 1949 quae
382 1884 451 1932 sunt
464 1872 510 1932 his
524 1871 631 1932 similia
643 1883 794 1932 versantur
807 1871 838 1930 in
852 1891 889 1931 eo
902 1891 1009 1947 genere
1023 1872 1063 1931 ad
1076 1873 1159 1948 quod

107 1980 154 2031 est
167 1969 340 2030 adhibenda
353 1969 430 2029 actio
445 1971 600 2046 quaedam,
616 1988 677 2028 non
691 1970 786 2028 solum
803 1967 911 2028 mentis
929 1966 1056 2044 agitatio.
1100 1967 1158 2027 His

108 2066 192 2126 enim
208 2067 304 2140 rebus,
320 2085 395 2143 quae
409 2078 569 2127 tractantur
582 2065 613 2125 in
627 2065 694 2138 vita,
710 2068 835 2126 modum
863 2067 1013 2142 quendam
1033 2075 1063 2125 et
1084 2065 1159 2124 ordi·

108 2184 180 2225 nem
194 2164 370 2225 adhibentes
383 2167 570 2226 honestatem
583 2175 613 2225 et
627 2166 718 2223 decus
732 2163 977 2223 conservabimus.
1172 2188 1203 2222 πο

61 2287 97 2336 V1
109 2294 323 2338 Theuustofthe
424 2265 468 2321 18.
512 2263 559 2320 Ex
580 2270 717 2340 quattuor
736 2270 835 2318 autem
856 2258 938 2332 locis,
961 2258 992 2317 in
1013 2278 1088 2335 quos
1108 2259 1160 2319 ho

133 2345 324 2438 ξ’ξζῃθξᾞῧῑ
362 2358 438 2419 nesti
452 2369 586 2418 naturam
599 2356 719 2432 vimque
734 2356 896 2430 divisimus,
908 2356 1020 2433 primus
1033 2356 1091 2430 ille,
1107 2355 1160 2434 qui

160 2447 274 2488 ΜΘΝ
362 2454 393 2514 in
406 2454 479 2515 veri
499 2453 704 2531 cognitione
725 2454 866 2528 consistit,
882 2455 1009 2516 maxime
1024 2466 1166 2515 naturam.

107 2498 127 2540 is
135 2507 191 2540 most
199 2498 224 2539 ol
234 2497 263 2538 all
274 2509 324 2539 con·

107 2548 325 2642 ffilffimi‘gnffi
362 2550 477 2628 attingit
501 2551 670 2610 humanam.
722 2553 836 2613 Omnes
860 2551 940 2611 enim
964 2551 1105 2611 trahimur
1130 2562 1159 2611 et

108 2647 329 2742 ffiffiffiffis
362 2646 499 2709 ducimur
512 2648 552 2707 ad
565 2645 741 2723 cognitionis
755 2658 785 2707 et
799 2646 938 2707 scientiae
956 2647 1157 2723 cupiditatem,
1172 2677 1201 2724 25

108 2750 145 2842 ge
147 2749 275 2841 kflssssst‘dg‘
281 2760 323 2839 ,1ss
361 2745 393 2805 in
406 2764 467 2821 qua
479 2745 622 2804 excellere
640 2745 797 2820 pulchrum
814 2754 961 2820 putamus,
976 2742 1037 2802 labi
1058 2754 1159 2803 autem

109 2850 190 2892 serious
198 2862 267 2891 errors
271 2861 280 2923 3
361 2859 464 2914 errare,
484 2839 597 2900 nescire
621 2839 719 2916 decipi
740 2850 769 2899 et
790 2840 902 2899 malum
923 2851 953 2900 et
974 2850 1057 2915 turpe
1079 2833 1160 2899 duci·

108 2914 326 3019 ,ffifflffffm
361 2955 436 2996 mus.
480 2937 518 2995 In
531 2937 590 2995 hoc
603 2955 710 3013 genere
724 2946 754 2995 et
768 2935 893 2995 naturali
908 2947 937 2995 et
951 2937 1077 2995 honesto
1098 2935 1159 2995 duo

109 3028 323 3124 anmlglffiffi}
362 3033 432 3093 vitia
459 3032 579 3093 vitanda
605 3042 692 3091 sunt:
726 3051 828 3105 unum,
857 3052 895 3092 ne
923 3031 1073 3108 incognita
1105 3050 1159 3108 pro

109 3131 323 3225 ffiffiffigffigisffi
361 3128 486 3206 cognitis
508 3130 670 3189 habeamus
702 3127 796 3206 iisque
820 3140 930 3191 temere
957 3129 1159 3203 assentiamur,
1172 3151 1204 3200 30

108 3197 323 3326 ffeacnem-
363 3228 445 3304 quod
469 3227 572 3287 vitium
594 3229 721 3303 effugere
742 3226 794 3302 qui
814 3229 1039 3287 volet—omnes
1059 3239 1159 3288 autem

183 3344 223 3376 cn
233 3343 265 3375 v1·
364 3324 438 3383 velle
453 3320 758 3383 debent-adhibebit
768 3321 808 3381 ad
822 3320 1052 3381 considerandas
1067 3341 1112 3381 res
1129 3333 1159 3381 et

108 3436 228 3503 tempus
241 3434 272 3484 et
285 3420 475 3497 diligentiam.
520 3439 566 3496 19.
607 3420 742 3478 Alterum
756 3428 801 3477 est
814 3417 926 3486 vitium,
935 3417 1018 3494 quod
1038 3416 1160 3494 quidam

108 3521 198 3583 nimis
218 3538 361 3596 magnum
379 3515 509 3577 studium
528 3516 711 3590 multamque
726 3533 847 3591 operam
861 3513 892 3572 in
906 3533 952 3573 res
966 3515 1105 3573 obscuras
1119 3525 1161 3573 at-

61 3646 64 3653 ·
108 3636 169 3696 que
192 3615 326 3678 difficiles
348 3614 503 3673 conferunt
527 3611 707 3686 easdemque
729 3629 791 3670 non
812 3609 998 3670 necessarias.
1042 3610 1159 3685 Quibus
1171 3622 1202 3675 35

107 3712 185 3775 vitiis
208 3709 362 3774 declinatis
396 3710 478 3786 quod
499 3707 531 3767 in
555 3708 642 3766 rebus
664 3707 796 3767 honestis
820 3717 850 3767 et
872 3706 1042 3784 cognitione
1063 3706 1159 3783 dignis

176 3843 207 3898 16
217 3847 277 3897 item
287 3843 462 3895 Pearceflane
469 3843 512 3891 Ba
537 3843 550 3902 ΙΙ
584 3840 614 3892 18
629 3848 652 3893 et
663 3855 695 3908 30
706 3839 736 3893 iis
748 3841 791 3893 Ba
806 3840 857 3894 Hei
873 3841 917 3894 Lu
932 3857 990 3893 cum
1005 3857 1058 3892 uuo
1074 3840 1129 3892 cod.
