2512 4192
110 167 166 226 Ix
181 161 234 247 32]
435 164 602 240 Temporum
622 161 752 222 habenda
771 161 848 220 ratio
1079 168 1084 181 ⁵
1127 175 1162 233 13

107 324 204 384 altero
226 321 421 399 delinquunt3
450 318 586 380 discendi
609 318 690 379 enim
714 317 813 378 studio
836 314 972 392 impediti
993 333 1069 392 quos
1090 310 1166 374 tueri

109 421 224 481 debent
238 419 384 479 deserunt
428 418 537 494 Itaque
557 435 609 477 eos
629 435 669 475 ne
689 416 804 476 adrem
817 412 968 490 publicam
982 411 1105 489 quidem
1119 429 1166 470 ac·

109 535 249 584 cessuros
267 527 351 593 putat
371 514 427 574 nisi
448 525 576 574 coactos.
618 512 753 590 Aequius
773 524 874 572 autern
892 521 954 571 erat
968 509 1000 571 id
1012 511 1166 570 voluntate

109 612 181 673 fieri.
225 615 306 672 Nam
330 614 388 672 hoc
410 613 508 689 ipsum
529 611 571 671 ita
592 609 702 670 iustum
725 620 778 684 est,
802 609 884 686 quod
907 617 988 667 recte
1011 608 1053 680 fit,
1075 606 1100 666 si
1121 616 1166 666 est

109 709 318 770 voluntarium.
376 729 422 784 29.
465 709 539 768 Sunt
566 707 655 766 etiam
684 705 735 783 qui
761 715 814 764 aut
834 703 933 764 studio
953 702 996 762 rei
1016 702 1164 762 familiaris
1194 717 1209 768 5

109 807 242 865 tuendae
260 815 312 864 aut
328 805 399 864 odio
418 804 550 881 quodam
570 802 726 863 hominum
747 821 833 862 suum
854 821 886 861 se
906 799 1058 878 negotium
1078 819 1165 876 agere

108 903 213 962 dicant
240 921 298 961 nec
325 902 421 961 facere
449 900 589 977 cuiquam
615 898 771 960 videantur
797 897 952 958 iniuriam:
982 887 1039 973 'qui
1072 897 1164 956 altero

108 1018 218 1077 genere
232 997 391 1057 iniustitiae
405 1008 519 1069 vacant,
535 995 566 1055 in
580 997 705 1055 alterum
719 995 877 1054 incurrunt
922 995 1071 1054 Deserunt
1084 992 1164 1052 enim

108 1097 188 1156 vitae
203 1095 384 1168 societatem,
396 1093 466 1171 quia
480 1093 553 1152 nihil
567 1094 722 1152 conferunt
732 1092 764 1151 in
774 1111 841 1151 eam
855 1089 955 1163 studii,
965 1088 1038 1148 nihil
1047 1108 1162 1166 operae,

109 1192 185 1253 nihil
200 1193 383 1251 facultatum.
708 1258 709 1261 Ἴ
1180 1216 1210 1251 10

173 1289 326 1364 Quoniam
346 1288 432 1365 igitur
452 1287 569 1347 duobus
589 1285 745 1364 generibus
762 1283 921 1345 iniustitiae
939 1282 1097 1362 propositis
1113 1283 1165 1342 ad-

108 1387 262 1448 iunximus
276 1404 380 1445 causas
393 1384 546 1460 utriusque
560 1383 674 1461 generis
689 1402 798 1458 easque
811 1401 857 1442 res
876 1392 945 1441 ante
959 1379 1164 1440 constituimus

108 1483 220 1562 quibus
235 1482 346 1542 iustitia
359 1480 565 1553 contineretur,
581 1480 667 1539 facile
681 1479 764 1555 qnod
777 1478 920 1554 cuiusque
941 1476 1081 1554 temporis
1100 1478 1164 1536 offi-

108 1582 192 1640 cium
207 1580 244 1639 sit
258 1579 428 1655 poterimus,
444 1577 500 1637 nisi
515 1575 725 1652 nosmetipsos
739 1577 827 1635 valde
841 1574 1015 1647 amabimus,
1025 1572 1162 1633 iudicare.

110 1687 159 1744 30.
184 1670 238 1726 Est
249 1665 329 1725 enim
340 1665 465 1726 difficilis
475 1683 649 1724 cumrerum
659 1662 827 1723 alienarum.
851 1663 1041 1737 Quamquam
1050 1665 1158 1722 Teren·
1185 1690 1211 1736 ¹5

110 1759 212 1820 tianus
226 1758 275 1818 ille
289 1758 431 1819 Chremes
450 1757 581 1816 ‘humani
596 1757 668 1816 nihil
682 1776 700 1816 a
714 1777 746 1817 se
759 1757 889 1818 alienum
903 1762 1005 1834 putat!
1043 1757 1103 1817 Sed
1116 1768 1158 1818 ta·

109 1871 192 1923 men,
208 1850 280 1928 quia
292 1850 384 1928 magis
398 1870 434 1911 ea
444 1851 622 1927 percipimus
636 1863 725 1928 atque
740 1850 891 1925 sentimus,
904 1870 979 1927 quae
993 1850 1080 1910 nobis
1094 1849 1165 1928 ipsis

109 1960 163 2011 aut
175 1968 318 2028 prospera
330 1959 381 2007 aut
394 1950 517 2008 adversa
530 1948 677 2022 eveniunt,
693 1967 783 2026 quarn
797 1949 854 2023 illa,
870 1969 946 2027 quae
960 1948 1073 2024 ceteris,
1088 1968 1166 2025 quae

122 2108 326 2152 mucellensium
364 2045 448 2121 quasi
466 2047 556 2122 longo
576 2045 729 2106 intervallo
750 2045 903 2106 interiecto
923 2047 1067 2118 videmus,
1082 2045 1166 2106 aliter

109 2160 328 2224 roraverutnganrn·
367 2143 405 2202 de
420 2140 476 2202 illis
493 2162 528 2203 ac
545 2143 584 2202 de
602 2142 688 2202 nobis
707 2142 880 2203 iudicamus.
924 2143 1071 2219 Quocirca
1086 2145 1164 2204 bene
1178 2180 1210 2214 20

109 2225 194 2264 '‘¹⁵⁰⁰‘'
362 2239 547 2318 praecipiunt
571 2241 622 2318 qui
648 2253 749 2302 vetant
777 2242 937 2318 quicquam
965 2263 1059 2320 agere,
1082 2245 1165 2321 quod

110 2336 232 2399 dubites
245 2356 375 2413 aequum
394 2336 488 2396 sitan
507 2336 661 2414 iniquum:
683 2338 817 2415 aequitas
836 2339 917 2399 enim
934 2340 1012 2400 lucet
1029 2339 1093 2417 ipsa
1112 2360 1165 2417 per

109 2457 153 2506 se,
185 2435 332 2496 dubitatio
347 2434 558 2511 cogitationem
572 2435 716 2513 significat
730 2436 860 2497 iniuriae.

67 2569 91 2617 x
136 2568 185 2609 rae
214 2566 284 2608 dmi„
304 2565 329 2625 ,s
425 2551 472 2608 31.
495 2533 555 2592 Sed
563 2532 697 2593 incidunt
706 2553 794 2611 saepe
803 2524 944 2612 tempora,
956 2554 1026 2594 cum
1034 2554 1078 2609 ea,
1088 2554 1164 2612 quae

110 2616 325 2719 {gg‘icssymcssssflffij
364 2627 493 2687 maxime
506 2627 644 2689 videntur
659 2631 749 2708 digna
762 2650 827 2692 esse
840 2631 918 2691 iusto
932 2631 1054 2692 homine
1068 2651 1164 2710 eoque
1176 2666 1189 2700 2
1193 2663 1207 2714 5

110 2731 203 2762 mm·
364 2746 454 2803 quem
468 2726 564 2786 virum
574 2729 688 2788 bonum
703 2729 837 2804 dicimuS,
849 2740 1068 2789 commutantur
1080 2731 1165 2790 liunt-

110 2844 170 2902 que
181 2822 335 2896 contraria,
347 2833 380 2882 ut
393 2823 517 2883 reddere
531 2823 707 2900 depositum,
722 2828 818 2886 facere
827 2825 1013 2902 promissum,
1028 2843 1164 2902 quaeque

110 2919 261 2998 pertinent
274 2919 313 2978 ad
326 2917 479 2978 veritatem
492 2930 523 2979 et
536 2920 576 2979 ad
588 2922 688 2994 fidem,
703 2940 739 2981 ea
755 2921 878 3000 migrare
896 2921 1045 2982 interdurn
1058 2932 1089 2982 et
1102 2941 1164 2982 non

111 3036 226 3078 servare
241 3018 274 3075 fit
288 3015 405 3075 iustum.
428 3015 543 3076 Referri
551 3016 631 3076 enim
645 3018 731 3078 decet
740 3019 780 3078 ad
793 3038 829 3078 ea
839 3037 914 3094 quae
923 3018 1009 3095 posui
1018 3018 1163 3096 principio

110 3115 306 3174 fundamenta
326 3110 472 3173 iustitiae:
499 3111 628 3188 primum
649 3124 682 3174 ut
702 3133 741 3174 ne
761 3113 809 3174 cui
829 3126 978 3188 noceatur,
1000 3115 1110 3176 deinde
1130 3127 1163 3175 ut
1176 3150 1207 3198 3⁰

110 3208 265 3271 communi
286 3208 404 3270 utilitati
426 3208 573 3270 serviatur.
617 3213 662 3271 Ea
684 3231 755 3272 cum
778 3223 911 3290 tempore
933 3224 1161 3288 commutantur,

111 3317 312 3369 commutatur
325 3307 455 3366 officium
468 3318 498 3368 et
512 3327 574 3368 non
584 3328 702 3386 semper
715 3320 760 3370 est
774 3309 862 3371 idem.
896 3330 942 3387 32.
966 3313 1069 3371 Potest
1082 3310 1163 3371 enim

134 3475 196 3516 Tm
224 3475 327 3526 promises
360 3403 495 3464 accidere
518 3405 696 3481 promissum
717 3406 839 3483 aliquod
859 3417 890 3468 et
917 3418 1107 3482 conventum,
1129 3418 1162 3468 ut

110 3527 153 3567 ,na
167 3531 275 3566 comm
288 3538 326 3567 are
363 3499 396 3561 id
416 3499 493 3562 effici
513 3501 550 3561 sit
566 3501 669 3563 inutile
685 3504 733 3562 vel
753 3503 781 3563 ei
798 3502 847 3562 cui
862 3503 1040 3580 promissum
1053 3502 1099 3577 sit,
1114 3505 1162 3564 vel

110 3576 327 3675 ”shfffdfffli
362 3597 390 3660 ei
417 3597 470 3676 qui
490 3598 664 3675 promiserit.
707 3601 788 3658 Nam
812 3598 845 3672 si,
870 3610 904 3659 ut
925 3598 957 3658 in
978 3599 1085 3660 fabulis
1106 3611 1159 3675 est,
1178 3629 1207 3680 3⁵

109 3675 325 3770 ffefflduffl}
363 3698 522 3774 Neptunus
536 3696 620 3773 quod
632 3696 751 3758 Theseo
765 3694 939 3774 promiserat
954 3715 1016 3757 non
1034 3695 1159 3772 fecisset,

110 3837 245 3930 adebeant
259 3839 296 3890 Or
334 3843 345 3898 l
386 3838 542 3903 ynesacere
555 3839 593 3890 Or
609 3839 683 3910 augeo
718 3845 728 3904 ΙΙ
768 3856 796 3895 ιι
817 3839 930 3908 Quando
943 3837 1176 3895 Helntcnmtodd.
