2512 4192
77 159 115 232 38
365 155 413 213 De
431 172 462 210 ea
476 158 564 227 parte
581 151 687 209 Decori
705 169 778 226 quae
795 151 839 208 ad
925 146 953 229 [I
969 166 1051 208 xx1x
1067 169 1120 225 103

76 331 211 381 careant:
240 339 278 379 ex
299 338 360 395 quo
383 317 512 378 elucebit
534 316 630 377 omnis
654 316 820 376 constantia
843 315 1000 392 omnisque
1023 316 1123 376 mode·

76 419 160 478 ratio.
215 419 295 476 Nam
322 415 373 492 qui
400 415 547 492 appetitus
572 414 689 492 longius
716 425 875 492 evagantur
908 425 939 474 et
971 424 1123 490 tamquam

78 518 241 576 exultantes
268 514 329 573 sive
357 513 505 590 cupiendo
533 512 594 573 sive
621 513 762 588 fugiendo
788 531 851 572 non
878 510 948 571 satis
971 530 991 570 a
1012 509 1124 571 ratione

77 613 245 684 retinentur,
274 611 295 670 ii
328 609 391 670 sine
419 609 512 670 dubio
539 611 630 670 finem
657 621 687 670 et
714 610 839 668 modum
865 619 1025 670 transeunt
1069 612 1123 671 Re

77 711 213 786 linquunt
240 708 321 769 enim
348 719 378 768 et
401 707 533 768 abiciunt
557 706 778 768 oboedientiam
800 726 856 767 nec
882 706 989 767 rationi
1012 719 1124 784 parent,
1148 728 1159 776 5

77 807 126 865 cui
153 817 221 865 sunt
248 802 371 864 subiecti
398 805 463 880 lege
490 814 629 863 naturae:
660 822 678 862 a
702 802 808 878 quibus
833 821 894 861 non
918 803 1011 862 modo
1036 802 1124 862 animi

78 905 290 981 perturbantur,
314 903 368 961 sed
388 900 478 960 etiam
498 919 628 976 corpora
671 898 755 958 Licet
776 918 827 958 ora
847 899 911 977 ipsa
931 919 1052 960 cernere
1074 899 1125 959 ira·

78 1018 176 1062 torum
199 1013 250 1062 aut
271 1020 375 1061 eorum
399 999 450 1076 qui
474 1010 525 1058 aut
545 997 667 1058 libidine
687 997 787 1073 aliqua
806 1009 857 1058 aut
880 1008 963 1058 metu
983 997 1125 1059 commoti

105 1113 152 1163 (aa
180 1112 289 1153 noscet·
329 1104 397 1154 sunt
425 1104 475 1153 aut
509 1094 660 1169 voluptate
694 1090 786 1150 nimia
818 1091 965 1168 gestiunt:
1000 1112 1125 1169 quorum

79 1177 130 1204 enee
140 1174 161 1204 to
170 1163 206 1203 the
215 1165 291 1204 former
403 1190 410 1202 .

80 1216 139 1265 dury,
147 1227 178 1254 we
187 1214 254 1264 ought
329 1210 464 1252 omnium
484 1192 590 1264 voltUS,
603 1209 700 1263 VOOES,
722 1201 821 1249 motus
842 1199 994 1266 statusque
1014 1200 1161 1249 mutan-10

103 1313 132 1364 (a)
152 1321 174 1353 20
191 1312 291 1352 cultivate
331 1294 384 1343 tur.
431 1303 496 1359 103.
540 1285 586 1342 Ex
606 1282 713 1358 quibus
734 1282 808 1342 illud
828 1282 1013 1360 intellegitur,
1035 1293 1069 1342 ut
1088 1284 1126 1344 ad

80 1364 293 1463 iiJJg‘fii‘sffisiss‘i
332 1378 420 1440 officii
434 1383 559 1440 formam
576 1390 762 1453 revertamur,
778 1378 924 1457 appetitus
941 1399 1047 1441 omnes
1060 1399 1126 1439 con·

80 1464 201 1555 ξὀοζὶζζζζᾚ
207 1464 294 1565 ³1}ssssssss
330 1477 489 1536 trahendos
508 1476 716 1551 sedandosque
730 1495 794 1535 esse
808 1474 1056 1552 excitandamque
1070 1475 1127 1535 ani-

81 1564 296 1665 {ffflssplg}‘ss{2,³0¹¹s
331 1571 567 1632 madversionem
594 1583 624 1632 et
648 1571 839 1648 diligentiam,
862 1583 895 1632 ut
922 1591 961 1632 ne
989 1571 1063 1649 quid
1088 1584 1127 1633 te-

82 1666 183 1716 R³l¹¹⁶¹h
330 1689 411 1730 mere
433 1689 468 1728 ac
489 1669 618 1742 fortuito,
643 1667 860 1728 inconsiderate
882 1671 1127 1747 neglegenterque
1138 1694 1161 1741 15

80 1786 209 1842 agamus.
253 1769 361 1843 Neque
387 1767 467 1827 enirn
494 1766 535 1826 ita
562 1765 692 1844 generati
718 1786 737 1826 a
763 1777 866 1827 natura
892 1786 1003 1842 sumus,
1031 1778 1064 1828 ut
1089 1769 1127 1828 ad

81 1863 186 1921 ludum
208 1874 238 1923 et
260 1864 360 1923 iocum
384 1863 453 1923 facti
477 1883 541 1923 esse
564 1863 725 1938 videamur,
756 1863 797 1921 ad
818 1862 1003 1923 severitatem
1030 1863 1126 1941 potius
1149 1929 1151 1933 ,

81 1959 173 2019 etad
197 1961 345 2035 quaedam
369 1960 467 2020 studia
488 1959 619 2038 graviora
642 1969 732 2035 atque
755 1958 874 2019 maiora
917 1961 1006 2020 Ludo
1030 1971 1127 2021 autem

81 2066 110 2114 ct
138 2054 205 2115 ioco
232 2055 276 2115 uti
303 2054 353 2116 illo
376 2055 497 2133 quidem
521 2056 599 2128 licet,
624 2057 678 2116 sed
710 2055 787 2116 sicut
808 2075 914 2116 somno
933 2066 964 2116 et
980 2055 1127 2133 quietibus

81 2149 184 2210 ceteris
221 2162 382 2223 tumeam
408 2151 544 2230 gravibus
578 2151 718 2229 seriisque
745 2151 833 2211 rebus
860 2151 930 2211 satis
963 2151 1164 2214 fecerimus.20

83 2254 244 2327 Ipsumque
263 2269 356 2328 genus
372 2249 492 2310 iocandi
510 2269 572 2310 non
590 2251 743 2326 profusum
762 2268 818 2309 nec
834 2249 1057 2325 immodestum,
1075 2250 1127 2311 sed

81 2348 242 2424 ingenuum
256 2359 285 2408 et
299 2350 427 2407 facetum
442 2366 506 2406 esse
521 2347 620 2407 debet.
661 2349 705 2408 Ut
725 2346 806 2407 enirn
820 2346 917 2423 pueris
931 2367 994 2407 non
1007 2367 1128 2409 omnem

80 2445 204 2506 ludendi
226 2444 375 2504 licentiam
397 2444 511 2516 damus,
534 2445 588 2504 sed
610 2463 676 2504 eam
698 2462 774 2520 quae
797 2445 834 2504 ab
856 2444 1020 2506 honestatis
1041 2447 1129 2508 actio-

82 2543 168 2603 nibus
192 2562 252 2602 non
278 2542 315 2601 sit
337 2540 441 2612 aliena,
466 2541 508 2600 sic
532 2540 650 2618 inipso
674 2540 742 2600 ioco
765 2540 888 2618 aliquod
909 2543 995 2620 probi
1018 2543 1128 2623 ingenii

83 2655 158 2715 {aaron
175 2655 193 2696 rs
209 2655 293 2714 ortwo
332 2639 434 2697 lumen
469 2639 591 2696 eluceat.
616 2706 618 2711 Α
651 2656 715 2710 104.
773 2638 892 2713 Duplex
926 2637 1051 2699 omnino
1085 2651 1127 2701 est
1137 2664 1162 2711 2⁵

81 2706 293 2807 iibdii’ceirisi‘sibm
331 2735 449 2795 iocandi
469 2755 580 2812 genus:
601 2755 694 2795 unum
713 2734 864 2796 inliberale
890 2738 1037 2813 petulans,
1052 2737 1128 2815 flagi·

81 2829 189 2890 tiosum
227 2831 399 2905 obscenum,
428 2833 552 2891 alterurn
587 2833 705 2908 elegans
748 2832 902 2905 urbanum,
931 2831 1118 2910 ingeniosum

81 2927 217 2986 facetum.
261 2929 331 3002 Quo
344 2946 450 3004 genere
464 2947 526 2987 non
540 2929 634 2987 modo
655 2928 775 2986 Plautus
796 2938 896 2988 noster
912 2938 942 2988 et
961 2928 1127 2989 Atticorum

81 3021 201 3098 antiqua
229 3025 393 3099 comoedia,
422 3024 476 3084 sed
509 3022 600 3084 etiam
633 3023 879 3100 philosophomm
913 3024 1127 3085 Socraticorum

80 3119 145 3179 libri
178 3119 276 3179 referti
309 3133 386 3196 sunt,
421 3124 573 3198 multaque
607 3124 767 3183 multorum
794 3125 889 3183 facete
916 3122 1004 3196 dicta,
1033 3136 1067 3185 ut
1092 3143 1128 3188 ea
1136 3146 1162 3196 30

81 3236 156 3293 quae
178 3237 197 3276 a
217 3237 287 3278 sene
307 3221 422 3280 Catone
444 3222 569 3281 collecta
592 3231 669 3293 sunt,
691 3240 768 3297 quae
786 3232 893 3281 vocant
912 3218 1125 3302 ἀποφθέγματα.

82 3314 187 3374 Facilis
212 3314 363 3393 igiturest
383 3315 533 3378 distinctio
558 3317 678 3394 ingenui
704 3328 734 3378 et
761 3317 918 3378 inliberalis
945 3316 1016 3402 ioci,
1046 3321 1128 3382 Alter

85 3422 137 3482 est,
151 3411 175 3471 si
186 3411 218 3470 in
232 3423 364 3488 tempore
376 3414 416 3484 fit,
426 3423 459 3472 ut
472 3411 497 3473 si
507 3413 631 3476 remisso
645 3415 754 3489 animo,
770 3437 870 3493 magno
879 3416 1001 3478 homine
1011 3415 1125 3497 dignus,

83 3509 157 3568 alter
183 3527 222 3568 ne
248 3508 341 3568 libero
368 3508 497 3584 quidem,
519 3508 545 3570 si
564 3530 661 3572 rerum
688 3513 861 3590 turpitudini
888 3514 1045 3577 adhibetur
1063 3536 1126 3578 ver·

131 3669 162 3717 ²3
178 3653 288 3703 honestis
299 3654 333 3704 H.
346 3661 430 3703 contra
440 3655 504 3705 codd.
566 3660 576 3712 ΙΙ
645 3671 675 3720 33
693 3657 721 3706 fit
732 3665 775 3707 aut
785 3658 807 3707 si
818 3658 919 3709 remisso
929 3659 1023 3722 animo,
1036 3674 1124 3725 magno

82 3734 183 3784 homine
200 3735 289 3798 dignus
305 3735 415 3798 Madvig
430 3737 478 3794 Ba,
500 3735 535 3786 fit.
557 3744 584 3786 ut
603 3734 645 3800 (et)
662 3737 684 3786 si
700 3738 802 3789 remisso
818 3740 902 3790 animo
917 3740 1020 3792 homine
1035 3741 1124 3809 dignus

82 3815 161 3874 codd.;
177 3816 212 3877 fit,
230 3816 331 3868 remisso
343 3816 444 3867 homine
454 3817 543 3883 dignus
558 3819 596 3868 Or
607 3819 650 3879 Be,
665 3819 700 3880 fit.
714 3827 743 3871 ut
754 3820 786 3872 sit
799 3821 911 3874 remissio
922 3823 1015 3887 animo,
1027 3823 1127 3889 bomine
