2512 4192
161 170 213 220 114
410 147 460 205 De
476 147 644 206 contentione
663 146 786 204 Honesti
804 153 830 204 et
854 146 942 206 Un'ln
1017 143 1198 226 [IIIxr15n

157 367 373 409 murnandanrrrr·
407 315 553 392 diseipfflo
580 314 652 385 eius,
680 314 794 374 homini
818 315 1007 377 acutissimo:
1041 316 1201 395 Antipatro

156 431 245 459 serres
273 417 372 466 esnethe
407 412 507 472 omnia
526 411 739 489 patefacienda,
755 422 788 471 ut
808 430 847 471 ne
867 410 941 488 quid
961 411 1095 487 omnino,
1117 415 1201 490 quod

157 469 373 565 idiissidffi‘riii
407 509 542 569 venditor
562 507 647 581 norit,
663 519 778 585 emptor
797 507 927 585 ignoret;
950 507 1082 587 Diogeni
1101 509 1203 570 vendi·

157 568 374 677 {iiiioiysiiiriiss
408 617 511 676 torem,
532 616 676 682 quatenus
697 605 759 665 iure
779 605 857 666 civili
877 607 1072 667 constitutum
1092 606 1139 682 sit,
1161 607 1203 669 di·

157 669 245 710 ffldmn
259 669 373 717 mercham'
410 722 475 762 cere
489 702 559 763 vitia
572 713 715 778 oportere,
730 713 827 763 cetera
841 702 904 764 sine
921 704 1037 765 insidiis
1056 724 1144 782 agere
1163 716 1200 777 et,
1229 725 1237 771 ε

158 799 298 875 quoniam
319 799 435 872 vendat,
455 800 530 860 velle
550 819 641 875 quam
661 810 783 876 optume
810 801 945 862 vendere
990 802 1134 875 ‘Adverti
1157 823 1203 864 ex·

157 896 251 973 posui,
266 896 364 955 vendo
383 915 483 955 meum
501 914 563 954 non
581 894 672 971 pluris
687 914 777 971 quam
792 895 889 969 ceteri,
905 898 1029 957 fortasse
1043 897 1136 957 etiam
1150 897 1202 957 mi·

172 1015 371 1066 (Theirogumem,
408 991 496 1064 noris,
512 1010 581 1050 cum
595 990 689 1050 maior
702 1002 746 1051 est
760 991 861 1069 copia:
876 991 925 1051 cui
938 994 972 1052 fit
985 991 1112 1054 iniuria?
1154 1010 1199 1071 52.

153 1066 370 1117 proandeoninthis
490 1088 496 1099 ·
622 1087 628 1099 ·
697 1087 704 1099 ·
766 1088 771 1099 ·
1174 1089 1180 1101 ·

158 1116 215 1164 02⁵0)
410 1090 546 1148 Exoritur
559 1090 706 1165 Antipatrr
719 1099 793 1148 ratio
813 1108 850 1149 ex
867 1089 958 1148 altera
975 1099 1078 1166 parte:
1101 1090 1202 1164 ‘Quid

157 1186 217 1245 ais?
238 1196 278 1257 tu,
294 1204 363 1244 cum
381 1184 551 1244 hominibus
570 1186 724 1244 consulere
744 1185 854 1244 debeas
873 1195 903 1244 et
923 1184 1032 1245 servire
1052 1186 1202 1246 humanae
1216 1215 1237 1250 κ

156 1282 289 1344 societati
309 1301 403 1359 eaque
423 1284 488 1359 lege
509 1293 595 1342 natus
616 1281 655 1342 sis
675 1293 705 1342 et
726 1301 762 1342 ea
781 1283 890 1343 habeas
910 1282 1058 1360 principia
1071 1295 1201 1357 naturae,

156 1381 261 1458 quibus
282 1399 383 1457 parere
404 1391 433 1440 et
454 1399 529 1457 quae
551 1379 635 1456 sequi
656 1380 773 1452 debeas,
789 1391 822 1440 ut
841 1379 951 1439 utilitas
965 1390 1018 1439 tua
1032 1381 1202 1441 communis

157 1477 193 1535 sit
204 1476 311 1536 utilitas
325 1473 512 1551 vicissimque
526 1475 691 1534 communis
705 1474 815 1534 utilitas
825 1485 876 1534 tua
886 1473 931 1547 sit,
944 1475 1056 1535 celabis
1066 1477 1203 1537 homines

156 1574 228 1650 quid
242 1573 277 1633 iis
291 1573 368 1633 adsit
382 1573 604 1632 commoditatis
620 1584 648 1632 et
663 1572 796 1650 copiaei'
825 1573 1035 1650 Respondebit
1051 1573 1202 1653 Diogenes

156 1675 277 1732 fortasse
297 1671 351 1730 sic:
377 1670 482 1730 ‘Aliud
501 1681 545 1730 est
560 1672 663 1743 celare,
679 1670 760 1729 aliud
774 1681 879 1742 tacere,
895 1689 993 1746 neque
1007 1689 1065 1748 ego
1079 1691 1161 1732 nunc
1174 1683 1202 1733 te
1217 1703 1237 1748 15

157 1772 231 1842 celo,
244 1770 268 1829 si
282 1769 336 1828 tibi
350 1788 411 1828 non
425 1767 494 1827 dico
508 1787 584 1843 quae
598 1779 700 1826 natura
714 1769 838 1826 deorum
852 1765 897 1838 sit,
910 1766 963 1842 qui
977 1767 1015 1826 sit
1027 1767 1096 1828 finis
1111 1768 1203 1829 bono

157 1885 230 1938 rum,
247 1884 323 1940 quae
337 1864 390 1924 tibi
404 1866 470 1940 plus
483 1865 658 1940 prodessent
672 1863 790 1940 cognita
804 1882 894 1940 quam
907 1861 1114 1939 niticivilitas
1145 1865 1203 1926 Sed

157 1982 220 2021 non
234 1961 379 2038 quidquid
389 1960 444 2020 tibi
454 1959 555 2020 audire
566 1960 637 2019 utile
652 1970 704 2032 est,
717 1959 748 2019 id
763 1959 835 2017 mihi
849 1959 948 2019 dicere
957 1949 1086 2020 'necesse
1100 1964 1203 2022 est!—

159 2080 205 2138 53.
237 2064 348 2120 ‘Immo
362 2062 443 2145 vero'
458 2059 570 2136 inquiet
585 2059 634 2118 ille
650 2063 783 2119 ‘necesse
797 2069 850 2131 est,
865 2058 890 2119 si
904 2058 1027 2135 quidem
1041 2061 1203 2121 meministi

159 2178 223 2219 esse
242 2158 317 2217 inter
334 2156 469 2217 homines
487 2168 591 2217 natura
609 2155 800 2235 coniunctam
814 2154 1201 2216 societatem.'—‘Memini’
1213 2181 1237 2214 ro

159 2254 272 2330 inquiet
290 2253 347 2324 ille,
365 2256 431 2314 ‘sed
449 2273 520 2311 num
539 2253 595 2312 ista
613 2252 738 2312 societas
757 2252 822 2312 talis
842 2262 894 2324 est,
909 2262 942 2311 ut
960 2251 1034 2310 nihil
1054 2272 1142 2312 suum
1156 2273 1201 2312 cu-

159 2350 263 2426 iusque
277 2349 331 2409 sit?
372 2350 463 2423 Quod
477 2349 501 2408 si
515 2348 555 2408 ita
570 2360 621 2421 est,
637 2368 675 2408 ne
692 2349 886 2408 vendundum
905 2347 1028 2424 quidem
1043 2349 1201 2426 quicquam

78 2463 148 2511 XIII
162 2458 214 2519 est,
230 2447 282 2506 sed
297 2446 488 2505 donandum!
502 2422 512 2541 1
528 2445 621 2505 Vides
636 2445 667 2504 in
680 2446 736 2504 hac
749 2443 1041 2520 totadisceptatione
1056 2465 1118 2504 non
1131 2446 1202 2505 illud

160 2544 219 2604 dici
236 2542 390 2618 ‘Quamvis
409 2543 468 2601 hoc
485 2552 569 2618 turpe
588 2541 634 2614 sit,
648 2552 756 2614 tamen,
773 2539 914 2617 quoniam
929 2539 1059 2616 expedit,
1071 2541 1199 2613 faciam;’

158 2640 211 2699 sed
226 2639 266 2697 ita
280 2637 428 2714 expedire,
443 2647 476 2696 ut
489 2646 574 2712 turpe
588 2656 649 2696 non
664 2637 715 2710 sit;
734 2656 771 2696 ex
789 2637 879 2695 altera
892 2645 992 2694 autem
1005 2646 1099 2712 parte,
1115 2655 1150 2696 ea
1161 2656 1197 2709 re,
1210 2660 1233 2708 ²⁵

158 2786 370 2837 andbythatosthe
409 2735 479 2810 quia
492 2745 576 2811 turpe
591 2734 635 2807 sit,
651 2752 712 2792 non
731 2752 796 2793 esse
814 2731 992 2791 iaciendum.
1036 2748 1084 2808 54.
1126 2735 1199 2792 Ven

158 2837 371 2928 Xssssssffiffiaffgssffi
410 2833 462 2892 dat
482 2833 572 2892 aedes
592 2831 636 2891 vir
656 2832 752 2890 bonus
772 2840 892 2907 propter
912 2828 1013 2905 aliqua
1030 2828 1111 2904 vitia,
1126 2849 1197 2907 quae

158 2939 183 3027 ‘i
189 2913 306 3028 itgdifgfts
317 2937 370 2977 from
408 2929 471 3007 ipse
485 2928 570 3002 norit,
586 2927 675 2988 ceteri
693 2927 836 3005 ignorent,
851 2925 1022 3003 pestilentes
1036 2926 1096 2986 sint
1109 2937 1139 2988 et
1153 2928 1196 2985 ha²

158 2997 167 3027 t
183 3001 194 3027 e
223 3002 258 3028 um
274 3001 325 3027 Μ’
408 3028 532 3086 beantur
545 3026 683 3099 saiubres,
699 3025 846 3101 ignoretur
859 3024 891 3083 in
905 3023 1045 3084 omnibus
1059 3023 1195 3085 cubiculis

158 3143 295 3201 apparere
321 3111 478 3199 serpentes,
503 3125 580 3182 male
600 3121 769 3182 materiatae
792 3124 858 3195 sint,
880 3120 1126 3196 ruinosae—sed
1145 3124 1226 3188 hoco

157 3233 271 3298 praeter
285 3219 438 3280 dominum
452 3239 540 3279 nemo
555 3219 643 3279 sciat:
665 3238 783 3295 quaero,
799 3218 825 3277 si
843 3218 917 3278 haec
937 3217 1120 3294 emptoribus
1133 3238 1194 3280 ven·

159 3319 235 3378 ditor
255 3336 315 3376 non
337 3316 443 3376 dixerit
463 3317 612 3392 aedesque
635 3314 801 3375 vendiderit
823 3313 913 3390 pluris
937 3317 1035 3374 multo
1060 3334 1148 3392 quam
1168 3333 1193 3375 se

157 3416 345 3476 venditurum
364 3414 479 3491 putarit,
495 3434 567 3472 num
587 3413 618 3473 id
638 3413 745 3472 iniuste
759 3422 809 3471 aut
823 3411 957 3488 improbe
972 3412 1094 3473 iecerit?
1134 3413 1192 3472 ‘Ille

209 3594 239 3642 19
265 3577 338 3625 verbo
358 3577 435 3625 immo
460 3591 517 3625 vero
539 3575 634 3638 inquiet
652 3574 694 3623 ille
712 3590 811 3623 necesse
833 3581 871 3623 est
891 3573 981 3622 &sunit
1002 3573 1034 3623 o’n
1054 3582 1101 3639 opt.
1125 3574 1189 3632 codd„

156 3658 252 3706 seclusit
268 3658 309 3705 Bo
345 3660 354 3714 il
390 3672 418 3704 ar
448 3655 591 3719 cuiusquam
611 3655 634 3703 Z
653 3654 690 3702 Or
706 3670 761 3702 cnon
780 3654 873 3718 aliquot
890 3653 956 3702 codd.
980 3654 1063 3716 ‘Quod
1077 3655 1103 3705 εἰ
1122 3654 1192 3705 cicero

156 3741 232 3789 dicere
247 3739 368 3794 voluisset,
383 3743 429 3786 out
437 3736 500 3785 nihil
510 3737 653 3800 cuiusquam
668 3737 753 3784 omisso
763 3751 834 3784 suum
844 3740 891 3785 aut
900 3733 964 3785 nihil
973 3735 1121 3803 citimum
1129 3750 1191 3787 mum

61 3863 62 3866 ,
151 3819 314 3870 adnnset'St
346 3824 357 3879 Η
391 3833 425 3884 30
440 3816 663 3868 sintobestacodd.
701 3821 713 3876 u
747 3832 778 3881 33
793 3816 870 3867 idon·
893 3816 933 3840 ‘¹‘
946 3816 965 3824 “
1014 3816 1174 3877 affluit
