2512 4192
137 199 175 270 98
409 193 586 252 Prooemium
607 193 641 250 de
658 191 710 250 otii
728 192 777 247 soi
795 190 904 247 ratione
942 168 946 173 .
1002 208 1025 222 -·
1059 183 1182 267 [11113

137 361 303 440 possimus?
345 380 371 436 3.
394 363 443 420 Ita
463 359 515 436 qui
536 359 567 418 in
587 358 715 418 maxima
736 357 905 418 celebritate
925 368 1015 435 atque
1036 355 1069 417 in
1090 357 1183 420 oculis

137 456 246 516 civium
264 457 416 532 quondam
434 454 602 528 vixerimus,
616 474 696 513 nunc
714 453 859 530 fugientes
880 465 1078 531 conspectum
1095 456 1185 515 scele-

137 565 275 626 ratarum,
291 552 398 629 quibus
418 552 518 612 omnia
536 552 711 624 redundant,
727 550 865 610 abdimus
879 562 1100 627 nos,quantum
1114 549 1190 624 licet,

139 661 169 710 et
193 669 280 726 saepe
302 649 357 709 soli
379 668 487 708 sumus
530 649 589 709 Sed
614 646 692 729 quia
708 646 750 706 sic
774 647 812 706 ab
833 646 1004 707 hominibus
1025 646 1123 707 doctis
1140 667 1186 707 ac-

139 746 279 823 cepimus,
305 764 366 805 non
390 746 487 804 solum
512 763 548 803 ex
571 742 655 801 malis
680 741 786 818 eligere
813 741 936 802 minima
961 754 1108 819 oportere,
1133 743 1187 803 sed
1210 763 1223 811 5

139 843 228 904 etiarn
256 860 410 918 excerpere
434 860 470 900 ex
490 839 536 899 his
556 839 635 916 ipsis,
659 838 683 898 si
704 839 776 915 quid
797 837 906 898 inesset
926 839 1007 912 boni,
1030 849 1187 916 propterea

140 952 169 1000 et
190 939 250 1000 otio
271 941 357 1012 fruor,
374 958 434 998 non
456 937 507 997 illo
528 937 659 1013 quidem,
681 955 741 1012 quo
764 936 891 996 debebat
912 935 945 1008 is,
958 936 1011 1013 qui
1032 937 1187 1012 quondam

140 1035 299 1113 peperisset
313 1033 406 1094 otium
420 1032 537 1106 civitati,
559 1050 696 1091 neceam
711 1030 903 1090 solitudinem
921 1032 1062 1108 languere
1079 1032 1185 1109 patior,

140 1152 231 1209 quarn
254 1131 327 1190 mihi
350 1132 444 1190 adfert
466 1130 635 1203 necessitas
661 1149 722 1189 non
745 1133 890 1189 voluntas
933 1149 960 1204 4
995 1133 1188 1208 Quamquam

140 1229 295 1289 Africanus
314 1228 455 1288 maiorem
474 1228 595 1287 laudem
613 1245 682 1286 meo
701 1226 812 1286 iudicio
830 1228 1052 1303 assequebatur.
1096 1231 1228 1290 Nullam

141 1329 220 1389 enim
245 1327 307 1388 eius
327 1325 436 1403 ingenii
457 1336 651 1384 monumenta
671 1326 813 1385 mandata
832 1325 944 1399 litteris,
966 1329 1084 1386 nullum
1111 1347 1188 1406 opus

141 1425 201 1499 otii,
223 1426 338 1485 nullum
359 1423 526 1483 solitudinis
547 1442 655 1481 munus
677 1434 772 1482 extat:
802 1442 840 1482 ex
860 1441 921 1498 quo
943 1422 1076 1502 intellegi
1097 1427 1189 1488 debet

140 1521 224 1581 illum
244 1519 350 1580 mentis
371 1518 530 1596 agitatione
550 1517 834 1594 investigationeque
856 1538 957 1578 earum
979 1539 1088 1594 rerum,
1113 1540 1189 1598 quas

141 1618 300 1696 cogitando
328 1617 573 1693 consequebatur,
597 1635 654 1676 nec
683 1615 812 1676 otiosum
836 1635 893 1675 nec
927 1619 1026 1677 solum
1053 1639 1189 1697 unquam

140 1716 236 1776 fuisse.
271 1718 335 1775 Nos
356 1726 464 1788 autern,
480 1713 607 1790 quinon
625 1725 740 1773 tantum
758 1712 872 1773 roboris
888 1714 1042 1789 habemus,
1063 1727 1097 1776 ut
1110 1717 1189 1795 cogi·
1203 1735 1228 1785 15

140 1813 251 1873 tatione
278 1811 367 1871 tacita
393 1831 412 1871 a
439 1810 598 1871 solitudine
625 1811 837 1882 abstrahamur,
866 1811 905 1870 ad
932 1812 1010 1870 hanc
1038 1813 1189 1875 scribendi

140 1930 261 1988 operam
280 1929 368 1970 omne
388 1908 520 1968 studium
541 1926 702 1983 curamque
723 1905 930 1966 convertimus.
975 1908 1083 1985 Itaque
1104 1912 1190 1987 plura

140 2009 220 2071 brevi
247 2020 379 2085 tempore
406 2025 507 2066 eversa
534 2024 624 2081 quam
651 2003 751 2063 multis
779 2002 864 2062 annis
886 2014 983 2066 stante
1009 2025 1042 2067 re
1069 2007 1190 2085 publica

141 2107 316 2184 scripsimus.

100 2228 129 2279 11
166 2227 213 2267 The
231 2227 317 2278 ςῶμα
332 2228 357 2268 0f
453 2216 478 2278 5.
516 2201 575 2260 Sed
597 2219 666 2258 curn
689 2209 752 2259 tota
778 2198 975 2277 philosophia,
999 2201 1042 2262 mi
1071 2202 1189 2279 Cicero,
1201 2226 1231 2262 io

141 2279 302 2369 332ss³⁵uss⁶sffig
308 2280 355 2379 13¹,ss
393 2297 528 2374 frugifera
542 2307 572 2355 et
585 2297 736 2355 fructuosa
752 2316 808 2355 nec
825 2298 886 2356 ulla
906 2317 973 2373 pars
993 2298 1057 2360 eius
1077 2301 1190 2364 inculta

139 2379 352 2480 {sssssstpgffssjsslss}
391 2415 425 2453 ac
440 2396 555 2454 deserta
569 2393 614 2467 sit,
625 2404 687 2452 tum
701 2396 799 2453 nullus
813 2394 936 2455 feracior
949 2395 981 2454 in
995 2416 1031 2456 ea
1045 2399 1132 2459 locus
1145 2411 1190 2461 est

139 2480 207 2571 iili.is
217 2480 352 2571 iiiiiittiil
390 2510 447 2551 nec
460 2490 577 2551 uberior
588 2510 677 2566 quam
692 2492 730 2551 de
745 2491 857 2563 officiis,
870 2491 1007 2568 aquibus
1017 2506 1191 2558 constanter

140 2580 351 2681 gffisenssfiffitgguigg
389 2589 575 2663 honesteque
596 2586 715 2646 vivendi
739 2599 897 2664 praecepta
918 2589 1076 2651 ducuntur.
1121 2594 1191 2669 Qua

139 2682 355 2782 sssstif‘sffliiiii
391 2704 423 2744 re
437 2703 617 2760 quamquam
632 2703 650 2743 a
664 2684 806 2760 Cratippo
820 2696 931 2759 nostr0,
946 2687 1082 2766 principe
1100 2690 1190 2753 huius
1202 2709 1231 2759 ²5

140 2781 354 2873 {gentssstffieratcgj
392 2779 552 2850 memoriae
567 2779 819 2857 philosophorum,
829 2782 904 2840 haec
912 2792 943 2842 te
956 2783 1078 2846 assidue
1087 2787 1192 2849 audire

140 2893 228 2933 rmus.
390 2889 480 2954 atque
489 2877 622 2954 accipere
632 2879 760 2951 confido,
772 2888 872 2937 tamen
886 2880 1056 2942 conducere
1066 2882 1192 2945 arbitror

140 2977 247 3036 talibus
267 2996 351 3037 aures
371 2988 437 3037 tuas
457 2977 580 3037 vocibus
601 2975 734 3052 undique
755 2974 973 3037 circumsonare
1004 2996 1145 3055 neceas,
1166 2981 1192 3043 si

138 3071 202 3132 fieri
215 3072 316 3149 possit,
332 3072 491 3149 quicquam
506 3071 586 3132 aliud
601 3071 710 3132 audire.
755 3074 781 3130 6.
806 3071 897 3145 Quod
910 3090 981 3131 cum
990 3072 1132 3136 omnibus
1146 3087 1192 3139 est

139 3169 318 3241 faciendum,
334 3169 385 3245 qui
399 3169 490 3229 vitam
504 3171 660 3229 honestam
674 3167 788 3245 ingredi
802 3166 941 3244 cogitant,
951 3178 1017 3228 tum
1030 3170 1114 3232 haud
1129 3173 1191 3235 scio
1203 3193 1234 3245 30

140 3285 179 3325 an
208 3265 320 3325 nemini
348 3266 447 3342 potius
476 3285 567 3342 quarn
595 3264 656 3324 tibi.
708 3263 839 3324 Sustines
867 3263 949 3323 enim
976 3284 1040 3326 non
1067 3285 1192 3344 parvam

140 3359 376 3434 expectationem
399 3359 560 3420 imitandae
588 3359 749 3419 industriae
777 3369 904 3432 nostrae,
928 3379 1070 3438 magnam
1096 3363 1192 3427 hono-

139 3474 215 3528 rum,
235 3474 296 3514 non
315 3456 427 3513 nullam
445 3456 567 3515 fortasse
586 3454 723 3515 nominis.
766 3454 926 3531 Suscepisti
943 3474 1020 3517 onus
1036 3469 1192 3535 praeterea

140 3571 226 3629 grave
247 3561 276 3611 et
296 3552 481 3610 Athenarum
501 3563 531 3612 et
552 3551 700 3628 Cratippi:
720 3552 760 3611 ad
780 3571 856 3628 quos
877 3571 947 3613 cum
968 3562 1127 3632 tamquam
1150 3558 1192 3621 ad

140 3659 334 3708 mercaturam
350 3648 495 3708 bonarum
512 3647 619 3708 artium
639 3648 677 3707 sis
698 3649 855 3724 profectus,
875 3647 998 3711 inanem
1012 3650 1112 3715 redire
1131 3662 1191 3717 tur·
1202 3676 1234 3729 33

190 3786 203 3836 7
221 3775 311 3824 debeat
327 3776 357 3824 St
365 3790 420 3824 carm
431 3776 554 3840 plenique
568 3775 634 3826 codd.
652 3783 682 3826 ut
697 3777 774 3828 multo
791 3777 913 3829 urbam‘m
922 3792 954 3831 oe
965 3790 992 3824 ι·
1124 3800 1190 3839 ῃ.
1236 3846 1241 3857 Ι

130 3859 250 3907 debebat.
