2512 4192
85 181 102 239 1
117 194 200 238 xv111
216 175 267 259 61]
309 181 359 238 De
376 179 457 239 tertio
475 157 559 255 officii
568 179 652 254 fonte
669 179 729 238 sive
748 179 927 239 Ibrtz'tudine
1102 200 1117 238 a
1120 199 1137 255 3

1000 294 1140 305 m-

111 409 172 450 Nm
185 423 245 450 come
262 409 302 449 Pa*
339 348 475 425 occupati
497 361 526 409 et
548 359 617 409 sunt
644 360 673 409 et
695 351 820 409 fuerunt.
864 353 910 427 58.
947 350 1007 409 Sed
1025 349 1049 408 si
1070 369 1140 409 con-

83 469 146 500 rents
171 461 215 500 aaa
245 459 305 501 cul·
339 444 432 505 tentio
453 447 600 521 quaedam
621 456 651 505 et
671 444 851 522 comparatio
872 447 930 517 fiat,
947 445 1054 520 quibus
1075 447 1140 521 plu-

84 510 147 552 Μ’
339 541 447 599 rimum
480 542 670 601 tribuendum
704 541 742 602 sit
772 541 868 615 officii,
898 542 1045 618 principes
1080 541 1138 601 sint

85 636 182 715 patria
201 647 232 697 et
248 648 391 713 parentes,
414 656 541 713 quorum
559 637 709 698 beneficiis
728 637 863 698 maximis
885 638 1005 714 obligati
1026 658 1136 713 sumus,

85 734 215 812 proximi
233 734 316 793 liberi
330 745 452 811 totaque
466 735 582 808 domus,
598 755 674 811 quae
689 746 801 812 spectat
822 735 853 795 in
870 755 924 794 nos
942 737 1020 795 solos
1041 755 1138 813 neque
1169 752 1183 804 5

85 831 169 890 aliud
190 832 285 889 ullum
305 842 403 907 potest
423 831 532 891 habere
552 832 727 910 perfugium,
744 832 884 908 deinceps
904 832 981 892 bene
1002 833 1139 893 conveni-

84 939 171 988 entes
186 928 352 1005 propinqui,
363 927 541 1005 quibuscum
555 930 721 990 communis
733 930 822 990 etiam
836 932 953 990 fortuna
965 932 1139 1007 plerumque

84 1037 139 1085 est.
185 1027 285 1100 Quam
313 1025 352 1085 ob
379 1044 443 1086 rem
470 1027 634 1086 necessaria
660 1027 806 1104 praesidia
833 1027 910 1086 vitae
935 1027 1080 1086 debentur
1103 1027 1138 1088 iis

85 1122 217 1182 maxime
236 1142 312 1199 quos
331 1134 400 1184 ante
419 1122 488 1196 dixi,
507 1124 567 1184 vita
584 1136 684 1184 autem
700 1123 854 1200 victusque
875 1123 1050 1197 communic,
1068 1144 1138 1184 con-

86 1220 152 1279 silia
181 1238 341 1294 sermoneS,
370 1221 588 1281 cohortationes
617 1220 844 1294 consolationes,
873 1220 1020 1279 interdum
1048 1220 1141 1280 etiam
1154 1246 1183 1279 10

86 1317 307 1395 obiurgationes
328 1318 359 1377 in
379 1318 514 1378 amicitiis
534 1318 634 1396 vigent
654 1317 791 1392 maxime,
811 1330 915 1394 estque
935 1336 971 1377 ea
991 1316 1139 1378 iucundis-

86 1412 163 1471 sima
177 1412 308 1472 amicitia
322 1432 411 1489 quam
426 1413 587 1473 similitudo
602 1433 718 1473 morum
732 1413 906 1490 coniugavit.

33 1534 72 1583 [11
399 1529 445 1588 59.
490 1512 549 1571 Sed
569 1510 600 1570 in
620 1511 666 1570 his
688 1510 825 1570 omnibus
850 1507 952 1568 officiis
973 1500 1159 1567 tribuendis¹

112 1621 301 1681 Exceptionalctr-
339 1607 502 1668 videndum
521 1607 583 1680 erit,
599 1608 672 1685 quid
691 1607 798 1683 cuique
819 1605 947 1665 maxime
966 1623 1086 1664 necesse
1100 1604 1137 1663 sit

85 1673 302 1782 iiiiliiemiiiibile-
341 1714 370 1763 et
391 1704 464 1780 quid
484 1703 609 1780 quisque
630 1704 677 1763 vel
697 1703 760 1762 sine
781 1703 866 1762 nobis
887 1715 937 1763 aut
958 1704 1050 1781 possit
1069 1724 1180 1774 con-15

86 1772 302 1882 ioirlyeuilliiiiiiii
341 1800 424 1875 sequi
451 1812 502 1859 aut
529 1819 591 1860 non
618 1799 718 1876 possit.
775 1802 822 1858 lta
849 1819 910 1858 non
937 1799 1018 1860 idem
1052 1812 1136 1861 erunt

86 1874 208 1965 illigssm
249 1873 300 1914 ‘¹¹³¹'
340 1897 591 1957 necessitudinum
611 1898 718 1974 gradus
739 1896 789 1972 qui
811 1906 987 1972 temporum,
1009 1908 1137 1974 suntque

176 2064 179 2071 q
337 1993 434 2052 officia
460 2013 537 2069 quae
564 1993 628 2056 aliis
652 1991 743 2069 magis
765 2012 856 2069 quam
877 1991 940 2051 aliis
965 1993 1135 2066 debeantur,

85 2101 118 2150 ut
131 2087 265 2148 vicinum
285 2086 370 2146 citius
387 2087 533 2148 adiuveris
552 2088 583 2148 in
602 2088 744 2148 fructibus
760 2087 956 2165 percipiendis
975 2108 1066 2165 quam
1086 2100 1136 2147 aut

86 2187 205 2244 fratrem
227 2193 278 2240 aut
300 2181 471 2242 familiarem
482 2204 491 2256 ;
518 2194 549 2243 at
572 2183 598 2242 si
620 2183 656 2242 lis
680 2183 711 2241 in
734 2182 845 2242 iudicio
869 2182 914 2256 sit,
937 2183 1136 2260 propinquum
1150 2211 1181 2245 πο

84 2280 185 2358 potius
210 2289 241 2338 et
260 2279 389 2339 amicum
410 2300 500 2356 quam
519 2281 650 2341 vicinum
672 2279 846 2354 defenderis.
890 2283 977 2340 Haec
997 2280 1084 2358 igitur
1106 2294 1136 2341 et

85 2375 155 2435 talia
169 2374 435 2450 circumspicienda
449 2387 517 2436 sunt
531 2376 563 2435 in
580 2375 662 2436 omni
683 2376 781 2436 officio
800 2387 830 2437 et
851 2378 1038 2436 consuetudo
1057 2396 1136 2436 exer-

84 2471 248 2548 citatioque
275 2471 427 2548 capienda,
456 2485 489 2534 ut
516 2473 588 2534 boni
621 2473 841 2533 ratiocinatores
876 2473 1039 2532 officiorum
1070 2492 1135 2532 esse
1219 2468 1223 2475 ”

85 2569 235 2646 possimus
270 2579 300 2628 et
334 2571 475 2631 addendo
509 2572 747 2647 deducendoque
781 2558 890 2642 videre,
918 2589 995 2646 quae
1030 2570 1134 2646 reliqui

85 2690 204 2731 summa
237 2671 296 2743 fiat,
332 2689 369 2729 ex
403 2690 462 2747 quo
497 2683 642 2749 quantum
669 2671 777 2747 cuique
805 2671 947 2730 debeatur
974 2668 1132 2744 intellegas.
1149 2690 1178 2739 25

86 2773 132 2829 60.
170 2768 239 2840 Sed,
255 2778 288 2827 ut
302 2786 358 2826 nec
372 2769 481 2829 medici
495 2790 551 2830 nec
571 2769 760 2846 imperatores
777 2788 833 2828 nec
848 2778 985 2839 oratores,
1001 2765 1134 2842 quamvis

100 2911 299 2964 Rulessignifybu,
336 2868 404 2928 artis
431 2880 587 2946 praecepta
613 2867 805 2945 perceperint,
834 2866 993 2944 quicquam
1027 2883 1134 2941 magna

84 2963 157 3064 Q,
168 2964 298 3054 sssslesglgoffij
335 2968 424 3028 laude
438 2967 560 3046 dignum
575 2967 638 3027 sine
651 2987 707 3026 usu
724 2978 754 3027 et
768 2965 976 3062 exercitatione
990 2961 1133 3039 consequi

83 3063 158 3156 222&
184 3064 214 3115 by
236 3076 297 3115 ⁹¹³⁶·
335 3077 467 3142 possunt,
490 3064 532 3124 sic
554 3064 643 3125 officii
670 3062 865 3124 conservandi
891 3071 1049 3141 praecepta
1076 3071 1130 3120 tra-

333 3163 443 3222 duntur
469 3160 519 3219 illa
546 3159 676 3236 quidem,
705 3170 739 3219 ut
766 3158 889 3218 facimus
917 3157 981 3235 ipsi,
1011 3157 1064 3216 sed
1091 3155 1132 3216 rei
1147 3178 1178 3225 30

83 3255 258 3336 magnitudo
272 3277 359 3316 usum
379 3275 497 3333 quoque
516 3254 816 3331 exercitationemque
834 3253 989 3315 desiderat
1031 3255 1131 3328 Atque

83 3356 120 3416 ab
140 3355 177 3414 iis
197 3355 294 3428 rebus,
317 3374 393 3432 quae
414 3363 482 3413 sunt
502 3351 533 3412 in
553 3352 615 3413 iure
636 3351 784 3412 societatis
803 3351 960 3423 humanae,
982 3368 1072 3426 quem
1093 3349 1132 3408 ad

83 3453 209 3513 modum
230 3452 355 3511 ducatur
374 3452 541 3522 honestum,
565 3468 603 3509 ex
623 3467 684 3525 quo
708 3459 811 3525 aptum
832 3457 877 3508 est
899 3445 1038 3518 officium,
1061 3443 1131 3504 satis
1218 3520 1222 3528 ι

84 3550 142 3611 sere
157 3547 295 3609 diximus.

82 3636 298 3737 annovstqumel
396 3647 441 3704 61.
484 3642 721 3720 Intellegendum
746 3653 846 3704 autem
861 3654 914 3712 est,
935 3658 1004 3698 cum
1026 3656 1130 3715 propo·
1143 3658 1172 3707 35

109 3794 119 3825 ·'
129 3796 168 3837 υ·
178 3791 205 3837 et
220 3775 374 3835 melodo
389 3779 579 3844 exercitatioque
596 3778 717 3843 capienda
734 3784 763 3826 ut
778 3777 863 3842 spania
880 3775 949 3824 uncis
965 3775 1063 3823 occlusit
1080 3775 1131 3823 Bo,

79 3862 307 3929 mmmm
305 3861 432 3927 probante
438 3861 521 3911 Halae
