2512 4192
64 105 98 165 11
113 121 171 163 xrv
185 101 237 186 48]
509 105 559 164 Dc
572 103 666 180 gloria
1076 126 1113 185 77

966 218 1115 230 ——=—

61 271 161 348 cisset,
176 292 317 351 magnam
336 274 457 333 laudem
478 283 508 332 et
528 292 547 331 a
566 291 684 332 summo
702 271 765 332 viro
786 282 816 331 et
836 272 874 332 ab
896 270 1024 333 exercitu
1044 291 1115 335 con·

62 370 228 447 sequebare
242 368 414 446 equitando,
428 368 596 443 iaculando,
609 367 691 428 omni
704 367 821 428 militari
835 369 934 428 labore
948 369 1113 431 tolerando.

62 467 165 542 Atque
180 485 216 526 ea
229 465 352 542 quidem
366 476 418 525 tua
429 466 494 524 laus
508 464 616 541 pariter
629 485 699 524 cum
712 463 863 540 republica
876 463 991 524 cecidit.
1037 463 1115 525 Mihi

62 573 165 623 autem
182 563 258 622 haec
276 560 370 622 oratio
388 572 526 637 suscepta
543 580 605 620 non
623 563 661 621 de
679 572 708 620 te
723 572 775 633 est,
791 561 845 620 sed
859 562 897 620 de
911 579 1017 637 genere
1032 572 1114 621 toto:

63 659 260 735 quamohrem
280 677 436 736 pergamus
456 658 496 716 ad
517 677 553 717 ea
573 677 650 734 quae
670 667 788 716 restant.
830 657 878 730 46.
912 658 956 717 Ut
976 656 1062 734 igitur
1083 656 1114 717 in
1144 693 1157 740 5

62 754 184 832 reliquis
204 755 293 815 rebus
313 757 408 815 multo
429 754 543 814 maiora
561 774 651 831 opera
669 765 737 814 sunt
756 753 847 813 animi
862 773 951 830 quam
968 753 1106 831 corporis,

63 850 185 912 siccae
212 870 267 924 ree,
291 870 365 928 quas
391 850 511 929 ingenio
539 870 575 911 ac
601 851 714 912 ratione
741 850 953 929 persequimur,
975 851 1114 928 gratiores

315 959 383 1008 sunt
410 968 501 1026 quam
529 948 604 1022 illae,
634 968 707 1025 quas
734 947 852 1008 viribus.
904 947 1002 1006 Prima
1028 948 1115 1026 igitur

134 1051 278 1134 temperanqe,
317 1045 539 1106 commendatio
569 1044 762 1123 proficiscitur
791 1064 809 1103 a
840 1043 1015 1104 modestia
1045 1064 1114 1104 cum

62 1093 280 1186 mlivaiilfflo'uge
295 1204 299 1211 ,
317 1140 451 1218 pietate
486 1140 518 1200 in
552 1140 690 1218 parentis,
726 1140 758 1200 in
793 1159 863 1199 suos
898 1140 1111 1201 benevolentia
1128 1173 1157 1208 10

62 1194 279 1295 iitinl'isirlllre'
317 1235 479 1296 Facillume
503 1247 603 1308 autem
627 1247 658 1296 et
680 1235 713 1294 in
741 1235 884 1312 optimam
906 1247 1020 1312 partem
1047 1256 1114 1316 cog·

315 1343 478 1392 noscuntur
509 1333 724 1405 adulescentes,
757 1331 809 1408 qui
837 1351 869 1392 se
895 1334 936 1392 ad
962 1334 1056 1392 claros
1082 1345 1113 1394 et

63 1427 213 1504 sapientes
240 1427 318 1489 viros
348 1430 425 1490 bene
457 1430 646 1489 consulentes
677 1429 720 1488 rei
746 1427 883 1504 publicae
916 1430 1111 1503 contulemnt,

63 1525 245 1600 quibuscum
272 1525 298 1585 si
323 1528 493 1603 frequentes
520 1537 597 1599 sunt,
626 1524 800 1602 opinionem
828 1526 963 1585 adferunt
989 1527 1102 1602 populo

63 1637 168 1679 eorum
189 1622 252 1680 sore
273 1641 304 1680 se
326 1620 444 1695 similes,
460 1641 535 1698 quos
554 1620 610 1682 sibi
628 1620 684 1698 ipsi
698 1619 859 1697 delegerint
873 1622 912 1680 ad
926 1620 1109 1680 imitandum.
1126 1655 1154 1705 15

62 1729 109 1790 47.
134 1718 167 1775 P.
190 1717 295 1776 Rutilii
316 1718 548 1778 adulescentiam
569 1717 609 1778 ad
630 1716 802 1794 opinionem
824 1728 853 1776 et
874 1716 1061 1778 innocentiae
1082 1731 1112 1779 et
1180 1775 1182 1780 .

62 1811 133 1871 iuris
147 1811 288 1873 scientiae
302 1816 335 1873 P.
353 1813 448 1873 Mucii
462 1814 682 1874 commendavit
700 1815 812 1873 domus
850 1815 929 1872 Nam
943 1815 977 1872 L.
989 1813 1111 1890 quidem

63 1909 198 1982 Crassus,
227 1929 296 1969 cum
318 1921 396 1970 esset
423 1910 587 1970 admodum
614 1912 797 1984 adulescens,
820 1928 882 1969 non
906 1909 1026 1969 aliunde
1049 1929 1112 1970 mu·

61 2019 161 2069 tuatus
190 2017 243 2081 est,
266 2007 319 2066 sed
349 2007 405 2067 sibi
433 2007 496 2084 ipse
523 2007 638 2084 peperit
664 2027 835 2067 maxumam
858 2009 977 2067 laudem
1001 1998 1112 2067 exilia

61 2104 253 2165 accusatione
281 2103 375 2163 nobili
398 2116 428 2165 et
455 2104 591 2182 gloriosa,
609 2115 648 2180 et,
670 2125 729 2182 qua
749 2116 844 2165 aetate
867 2105 917 2182 qui
939 2115 1111 2165 exercentur
1123 2145 1154 2180 ,0

60 2200 150 2259 laude
173 2198 261 2258 adfici
285 2200 389 2273 solent,
411 2211 443 2260 ut
468 2204 506 2262 de
531 2203 735 2262 Demosthene
756 2202 933 2278 accepimus
954 2223 990 2263 ea
1013 2214 1110 2264 aetate

62 2297 95 2355 L.
106 2297 232 2357 Crassus
247 2297 376 2356 ostendit
390 2297 421 2356 id
436 2317 468 2357 se
480 2297 512 2357 in
526 2300 590 2358 soro
605 2309 727 2376 optume
740 2298 800 2358 iam
814 2301 918 2373 facere,
928 2302 1010 2376 quod
1020 2301 1109 2360 etiam

10 2403 126 2461 :rvtum
146 2403 265 2482 poterat
284 2394 366 2454 domi
387 2415 456 2455 cum
470 2397 564 2469 laude
583 2397 727 2456 meditari.
769 2401 817 2470 48.
840 2399 900 2458 Sed
918 2419 986 2458 cum
1000 2401 1111 2478 duplex

312 2491 386 2553 ratio
407 2492 444 2553 sit
465 2493 614 2566 orationis,
634 2514 759 2571 quarum
778 2495 810 2554 in
830 2498 921 2555 altera
942 2516 1038 2557 sermo
1062 2498 1107 2572 sit,

60 2558 275 2660 {immigrrissniffi
312 2588 344 2648 in
365 2591 456 2650 altera
476 2591 638 2664 contentio,
654 2611 715 2651 non
730 2602 775 2652 est
787 2592 820 2652 id
834 2593 956 2668 quidem
975 2594 1106 2670 dubium,
1121 2625 1150 2672 25

61 2659 190 2712 ΜΝ
312 2683 384 2761 quin
408 2687 560 2748 contentio
585 2688 725 2748 orationis
752 2689 895 2749 maiorem
917 2691 976 2749 vim
1000 2692 1109 2752 habeat

60 2782 98 2842 ad
119 2779 321 2858 gloriam—ea
348 2793 392 2843 est
411 2782 490 2843 enirn
524 2803 614 2861 quam
633 2785 833 2862 eloquentiam
853 2786 1033 2850 dicimus—:
1054 2792 1108 2850 sed

60 2888 161 2938 tamen
176 2877 296 2938 difficile
309 2878 391 2939 dictu
405 2890 450 2940 est
473 2891 585 2957 quanto
601 2901 689 2958 opere
703 2882 842 2943 conciliet
855 2884 970 2944 animos
984 2886 1108 2946 comitas

60 2976 288 3052 adfabilitasque
320 2978 469 3038 sermonis.
526 2981 651 3040 Exstant
682 2980 825 3057 epistulae
855 2992 886 3042 et
913 2982 1042 3060 Philippi
1068 2986 1108 3045 ad

61 3074 264 3136 Alexandrum
292 3085 327 3134 ·et
353 3075 501 3153 Antipatri
533 3077 572 3137 ad
605 3080 804 3139 Cassandrum
837 3090 867 3140 et
893 3081 1036 3159 Antigoni
1067 3087 1106 3145 ad
1119 3116 1150 3165 30

62 3170 234 3249 Philippum
257 3170 360 3245 filium,
382 3171 469 3232 trium
493 3174 872 3250 prudentissimorum-sic
893 3177 972 3239 enim
994 3183 1107 3258 accepi·

61 3285 181 3341 mus-,
203 3265 310 3343 quibus
337 3267 522 3345 praecipiunt
548 3279 581 3329 ut
602 3271 735 3330 oratione
759 3271 888 3348 benigna
911 3274 1106 3336 multitudinis

60 3363 176 3423 animos
204 3363 244 3422 ad
271 3363 508 3424 benevolentiam
535 3365 665 3426 alliciant
688 3367 855 3445 militesque
878 3369 987 3431 blande
1008 3374 1107 3449 appel-

59 3460 150 3520 lando
164 3458 325 3519 deleniant.
368 3460 453 3534 Quae
468 3473 567 3521 autem
585 3461 617 3520 in
630 3462 818 3524 multitudine
833 3483 901 3523 cum
915 3467 1105 3528 contentione

61 3556 185 3617 habetur
206 3553 311 3628 orati0,
325 3573 360 3616 ea
380 3574 468 3633 saepe
487 3556 654 3618 universam
668 3558 784 3618 excitat.
829 3562 941 3638 Magna
961 3573 1005 3622 est
1025 3563 1103 3623 enim
1117 3581 1147 3634 3⁵

107 3703 488 3770 7gruvioresalt'r'contracodd.
516 3711 526 3768 ll
554 3722 570 3772 9
586 3714 640 3759 tum
650 3709 730 3774 vulga,
745 3725 801 3758 cum
813 3711 854 3760 Ba
866 3717 921 3776 port
933 3713 1109 3767 camerarium

64 3787 74 3844 l
87 3786 117 3837 26
127 3785 256 3836 contentio
265 3785 405 3848 [orationis]
412 3788 493 3838 Helm
500 3789 543 3840 lu
593 3793 605 3852 ll
658 3804 688 3859 35
707 3793 801 3847 excitat
812 3793 924 3863 gloriam
934 3797 963 3848 St
973 3813 1034 3849 cunr
1045 3799 1115 3849 codtl.
