2512 4192
70 196 166 257 11111
185 194 234 278 ιο]
399 199 557 274 Pratasr'tea
576 199 620 256 rei
637 200 803 257 tractandae
1083 219 1119 274 99
1153 263 1155 268 .

69 363 230 442 pissimum
251 374 296 424 est
313 364 543 423 dedecorantem
561 375 590 424 et
607 364 686 424 urbis
706 364 909 425 auctoritatem
929 375 959 425 et
979 366 1116 443 magistri.

71 461 142 534 Qua
159 479 193 521 re
212 469 356 537 quantum
378 460 470 520 coniti
488 460 589 520 animo
608 471 701 537 potes,
717 469 861 537 quantum
880 461 981 521 labore
999 471 1120 522 conten·

70 555 207 618 dere-si
235 555 369 616 discendi
396 559 480 617 labor
509 566 552 616 est
586 556 685 633 potius
713 575 803 632 quam
830 558 1118 632 voluptas-tantum

69 654 120 712 fac
139 664 172 712 ut
191 651 301 712 efficias
320 671 394 712 neve
415 652 583 712 committas
598 663 639 725 ut,
660 671 730 712 cum
744 651 844 712 omnia
858 651 1046 729 suppeditata
1060 651 1118 712 sint

69 768 89 808 a
103 748 200 822 nobis,
216 759 279 809 tute
292 748 346 809 tibi
365 749 493 809 defuisse
508 749 633 810 videare.
676 749 735 810 Sed
753 751 828 809 haec
846 751 1004 809 hactenus:
1025 751 1119 810 multa
1146 776 1160 826 5

67 847 151 908 enim
171 865 261 924 saepe
281 848 321 906 ad
339 857 369 906 te
387 846 562 906 cohortandi
576 845 667 924 gratia
685 846 860 923 scripsimus
888 847 976 907 Nunc
994 847 1033 908 ad
1050 846 1115 908 reli-

67 965 161 1025 quam
174 955 290 1023 partem
300 943 468 1021 propositae
483 943 635 1002 divisionis
649 954 834 1004 revertamur.

384 1059 410 1118 7.
453 1042 640 1102 Panaetius
654 1043 749 1120 igitur,
765 1042 893 1120 quisine
912 1043 1112 1106 controversia

92 1147 162 1188 Μὴ
182 1145 287 1188 oenerar
325 1141 363 1200 de
377 1139 481 1200 officiis
492 1138 709 1199 accuratissime
721 1139 878 1216 disputavit
900 1159 1048 1217 quemque
1060 1161 1115 1201 nos

64 1197 283 1240 HeadofDeube-
436 1237 442 1248 ,
737 1237 774 1249 ..
875 1236 881 1249 .
915 1237 921 1248 .

64 1252 154 1290 maon
322 1248 503 1298 correctrone
524 1238 654 1312 quadam
674 1237 807 1297 adhibita
820 1249 1007 1314 potissimum
1021 1237 1114 1300 secuti
1129 1265 1158 1299 ιο

63 1324 286 1418 ’,αξξξξωοῃώξῇζ
322 1358 431 1411 sumus,
448 1337 540 1397 tribus
554 1337 709 1415 generibus
723 1338 888 1414 propositis,
900 1337 932 1397 in
946 1337 1052 1415 quibus
1063 1340 1114 1400 de·

65 1428 178 1519 {l’ssssifft
187 1426 285 1516 Ἑῑῖζξξῖ
321 1438 443 1498 liberare
452 1437 588 1497 homines
603 1447 632 1497 et
641 1439 807 1498 consultare
816 1439 855 1498 de
866 1437 963 1498 officio
975 1441 1110 1513 solerent,

65 1527 187 1628 {fiffgcssffd
201 1527 283 1577 Em·
321 1555 430 1608 -uno,
446 1555 515 1594 cum
534 1535 701 1595 dubitarent
716 1536 913 1596 honestumne
933 1535 965 1595 id
984 1546 1060 1596 esset
1075 1537 1113 1598 de

64 1625 286 1730 Βεῖξξζξξξξαοξξξ
323 1651 383 1708 quo
394 1644 526 1711 ageretur
536 1653 572 1692 an
585 1644 678 1710 turpe,
694 1636 794 1706 altero,
809 1633 919 1695 utilene
933 1645 1010 1695 esset
1021 1654 1060 1694 an
1072 1634 1113 1694 in-

64 1730 105 1821 }gt
129 1738 285 1820 ,¹222ngssss
323 1729 403 1802 utile,
418 1728 512 1802 tertio,
528 1728 553 1788 si
567 1728 605 1798 id,
613 1731 694 1805 quod
708 1729 837 1806 speciem
851 1731 971 1791 haberet
985 1730 1111 1804 honesti,
1127 1746 1155 1796 15

65 1808 287 1932 {fississssffiuy'me
323 1834 465 1902 pugnaret
476 1844 545 1883 curn
555 1844 592 1884 eo
604 1826 686 1901 quod
699 1826 770 1886 utile
784 1825 940 1900 videretur,
951 1845 1010 1903 quo
1021 1828 1113 1887 modo

323 1942 359 1982 ea
387 1922 513 1982 discerni
541 1933 688 1998 oporteret
697 1924 782 1983 :—de
812 1923 929 1983 duobus
958 1923 1113 2000 generibus

64 2016 169 2097 primis
180 2018 274 2079 tribus
284 2017 364 2078 libris
378 2017 542 2095 explicavit,
555 2020 593 2078 de
602 2019 688 2079 tertio
697 2031 796 2079 autem
804 2038 912 2096 genere
926 2020 1066 2096 deinceps
1080 2040 1112 2080 se

65 2117 182 2194 scripsit
203 2116 350 2177 dicturum
364 2135 420 2177 nec
434 2116 558 2176 exsolvit
572 2116 612 2190 id,
627 2118 710 2193 quod
727 2117 907 2193 promiserat.
959 2119 987 2176 8.
1020 2116 1111 2192 Quod

61 2233 101 2276 eo
121 2212 217 2292 magis
239 2213 336 2287 miror,
352 2212 421 2290 quia
443 2212 584 2289 scriptum
598 2234 616 2273 a
630 2213 776 2290 discipulo
797 2213 860 2274 eius
879 2212 1041 2273 Posidonio
1055 2225 1108 2288 est,
1124 2232 1155 2266 το

60 2311 183 2388 triginta
203 2309 289 2369 annis
308 2308 415 2370 vixisse
437 2309 612 2369 Panaetium
632 2321 736 2386 postea
756 2329 846 2386 quam
860 2309 926 2370 illos
939 2309 1029 2369 libros
1050 2308 1111 2370 edi-

61 2408 162 2469 disset
209 2408 309 2482 Quem
328 2409 429 2466 locum
450 2407 539 2466 miror
552 2426 570 2466 a
585 2406 747 2467 Posidonio
767 2407 893 2468 breviter
912 2427 976 2469 esse
997 2419 1109 2468 tactum

60 2506 94 2565 in
115 2504 297 2581 quibusdam
318 2502 546 2574 commentariis
567 2503 738 2580 praesertim
765 2524 834 2562 cum
862 2504 968 2565 scribat
995 2507 1110 2564 nullum

61 2621 127 2663 esse
140 2604 245 2662 locum
258 2599 290 2659 in
303 2610 366 2660 tota
378 2598 567 2676 philosophia
580 2610 643 2659 tam
661 2600 867 2661 necessarium.
925 2621 950 2678 9.
982 2601 1109 2662 Minime

59 2718 132 2760 vero
154 2695 301 2757 assentior
320 2695 365 2768 iis,
387 2694 438 2772 qui
459 2708 567 2774 negant
588 2716 658 2758 eum
677 2699 778 2757 locum
791 2717 810 2757 a
823 2697 965 2758 Panaetio
985 2709 1108 2774 praeter·
1122 2712 1152 2762 ²5

59 2795 197 2867 missum,
213 2794 267 2853 sed
280 2795 417 2852 consulto
439 2792 574 2852 relictum
601 2812 656 2852 nec
670 2792 794 2853 omnino
808 2793 996 2853 scribendum
1010 2792 1107 2867 fuisse,

60 2891 133 2968 quia
146 2908 304 2966 nunquam
317 2901 417 2966 posset
431 2889 541 2949 utilitas
555 2908 624 2947 cum
638 2889 793 2949 honestate
806 2908 943 2966 pugnare.
987 2893 1035 2950 De
1049 2910 1109 2967 quo

60 2990 189 3049 alterum
207 2996 306 3063 potest
324 2985 433 3046 habere
452 2985 676 3059 dubitationem,
691 2985 933 3046 adhibendumne
951 2986 1036 3048 fuerit
1050 2990 1109 3048 hoc

60 3072 164 3167 gainus,
181 3083 266 3160 quod
286 3081 317 3141 in
338 3080 483 3141 divisione
505 3080 638 3141 Panaetii
652 3080 770 3143 tertium
790 3093 843 3156 est,
858 3102 897 3141 an
917 3085 1004 3160 plane
1025 3084 1110 3146 omit·

62 3170 199 3253 tendum,
215 3180 339 3239 alterum
360 3176 487 3237 dubitari
507 3197 569 3237 non
589 3189 696 3255 potest,
711 3177 784 3255 quin
798 3198 816 3238 a
830 3179 972 3240 Panaetio
993 3196 1152 3258 suscepit>

62 3292 128 3338 tum
148 3277 196 3350 sit,
219 3277 273 3336 sed
292 3274 436 3336 relictum.
477 3277 557 3333 Nam
584 3275 636 3351 qui
659 3295 677 3336 e
700 3275 845 3336 divisione
868 3276 1010 3355 tripertita
1033 3279 1107 3338 duas

61 3370 166 3453 partes'
179 3371 345 3445 absolverit,
368 3371 437 3431 huic
460 3391 580 3432 necesse
600 3383 643 3432 est
665 3383 774 3433 restare
795 3373 918 3434 tertiam.
953 3377 1107 3435 Praeterea

59 3472 91 3531 in
105 3482 240 3533 extremo
251 3468 326 3530 libro
339 3468 426 3530 tertio
440 3469 478 3528 de
492 3469 548 3527 hac
562 3481 644 3545 parte
663 3469 818 3546 pollicetur
836 3489 868 3531 se
887 3469 1028 3547 deinceps
1042 3482 1107 3531 es'se

58 3571 218 3633 dicturum.
285 3586 329 3627 10.
372 3565 499 3627 Accedit
522 3567 632 3626 eodem
655 3566 737 3626 testis
760 3568 893 3644 locuples
917 3567 1104 3640 Posidonius,

58 3665 113 3747 qui
130 3665 225 3729 etiam
244 3662 345 3726 scribit
363 3662 396 3725 in
415 3664 546 3741 quadam
566 3663 691 3740 epistola
715 3667 747 3723 P.
763 3664 908 3725 Rutilium
930 3667 1044 3724 Rufum
1065 3665 1106 3725 di·
1120 3680 1149 3730 35

58 3782 127 3827 aaa
139 3764 247 3839 solere,
260 3760 315 3841 qui
333 3760 510 3821 Panaetium
529 3760 671 3835 audierat,
686 3772 719 3823 ut
740 3781 830 3824 nemo
851 3762 948 3843 pictor
969 3775 1052 3826 esset
1066 3762 1114 3823 ‘m-

58 3872 173 3935 reutm,
186 3856 242 3937 qa
255 3856 291 3919 r'a
309 3858 375 3919 Coa
397 3858 512 3920 Venere
523 3877 591 3921 eam
603 3873 734 3942 partem,
750 3883 850 3947 quam
865 3866 996 3949 Apelles
1005 3863 1139 3926 inchoa·

986 4000 1074 4063 '1-2
