2512 4192
82 221 134 280 III
144 232 227 278 xx1x
239 214 307 298 107]
353 216 404 276 De
421 218 588 277 contentione
605 216 729 276 Honesti
747 223 774 276 ct
799 214 886 278 Utiles
1077 240 1131 298 133

1022 337 1132 346 ———

83 389 144 466 Qui
165 388 212 449 ius
232 387 319 466 igitur
336 379 493 447 iurandum
506 386 605 460 violat,
620 385 648 447 is
664 386 784 447 Fidem
798 387 896 462 violat,
910 392 918 422 ‘
923 409 1012 466 quam
1026 389 1060 449 in
1074 393 1100 453 C
1105 411 1134 452 a·

83 485 216 562 pitolio
233 484 386 545 vicinam
406 483 503 543 Iovis
522 483 650 560 optimi
669 483 827 557 maximi,’
842 496 874 544 ut
888 484 920 544 in
935 485 1058 547 Catohis
1073 506 1134 547 ora-

337 581 419 641 tione
439 592 492 655 est,
510 581 670 642 ‘maiores
691 581 804 642 nostri
825 601 902 642 esse
925 585 1133 645 voluerunt!

82 661 220 763 evi‘stffllj
232 662 254 754 ἐξ
262 675 300 754 ξοῖ
340 694 403 754 105.
417 679 464 736 ‘At
473 677 553 737 enim
563 696 602 737 ne
615 677 705 737 iratus
719 678 842 753 quidem
854 678 988 756 Iuppiter
998 682 1064 756 plus
1075 683 1133 742 Re-

83 763 242 806 ‘hsthstsffll
336 774 405 850 gulo
425 772 574 833 nocuisset
593 793 684 849 quam
703 773 758 832 sibi
778 773 879 833 nocuit
897 773 961 850 ipse
981 777 1132 852 Regulus!
1163 796 1176 846 5

83 873 182 943 Certe,
198 869 223 930 si
243 869 317 928 nihil
337 871 449 928 malum
463 880 540 929 esset
554 869 610 928 nisi
625 871 735 930 dolere.
778 870 816 930 Id
836 882 936 931 autem
957 891 1019 933 non
1041 874 1132 934 modo

83 989 146 1029 non
166 987 317 1028 summum
337 969 450 1026 malum
464 967 518 1026 sed
531 986 569 1026 ne
582 968 695 1025 malum
708 964 830 1042 quidem
844 986 909 1027 esse
923 966 1053 1027 maxima
1066 988 1133 1028 auc-

82 1067 202 1128 toritate
215 1064 389 1144 philosophi
403 1066 567 1124 adfirmant.
591 1066 726 1139 Quorum
740 1061 863 1140 quidem
878 1072 985 1123 testem
999 1083 1060 1123 non
1074 1083 1133 1124 me-

83 1164 225 1236 diocrem,
242 1164 295 1222 sed
305 1162 386 1221 haud
396 1161 457 1221 scio
468 1181 507 1220 an
520 1160 723 1238 gravissimum
737 1162 885 1237 Regulum
899 1159 999 1233 nolite,
1010 1180 1131 1236 quaes0,

82 1260 258 1336 vituperare.
301 1259 398 1334 Quem
419 1257 499 1319 enim
518 1256 741 1334 locupletiorem
756 1256 924 1333 quaerimus
946 1275 1036 1333 quam
1056 1256 1133 1332 prin-
1148 1280 1178 1316 10

84 1357 184 1433 cipem
213 1354 315 1432 populi
342 1353 482 1426 Romani,
502 1355 554 1430 qui
582 1351 729 1413 retinendi
749 1351 840 1412 officii
860 1371 951 1412 causa
971 1351 1132 1412 cruciatum

234 1436 238 1442 ¹
338 1449 458 1510 subierit
468 1450 688 1510 voluntarium?
721 1451 801 1509 Nam
812 1450 896 1526 quod
904 1448 987 1508 aiunt
997 1447 1133 1508 ‘minima

85 1530 299 1632 ,ffifflssg
337 1548 375 1608 de
389 1547 490 1620 malis,'
504 1547 537 1608 id
558 1558 611 1621 est,
626 1559 660 1608 ut
680 1546 804 1624 turpiter
824 1546 924 1623 potius
948 1566 1038 1623 quam
1058 1548 1133 1606 cala-

86 1634 138 1674 Μ
146 1632 275 1673 Dssh⁰¹¹⁰¹¹²
336 1647 456 1708 mitose:
471 1668 509 1708 an
524 1659 569 1708 est
588 1649 682 1707 ullum
696 1647 790 1707 maius
805 1647 916 1706 malum
935 1647 1133 1724 turpitudine?

88 1763 165 1820 quae
179 1742 204 1802 si
218 1741 249 1801 in
263 1743 449 1804 deformitate
458 1745 587 1822 corporis
598 1745 688 1805 habet
699 1743 811 1821 aliquid
826 1744 1006 1818 offensionis,
1022 1755 1134 1821 quanta
1149 1755 1176 1806 15

86 1842 137 1902 illa
164 1840 336 1916 depravatio
365 1852 395 1902 et
422 1842 547 1903 foeditas
578 1840 735 1919 turpificati
771 1840 863 1900 animi
900 1841 991 1902 debet
1018 1841 1130 1902 videri!

92 1940 155 1996 106.
179 1938 286 2012 Itaque
299 1936 450 1997 nervosius
464 1937 516 2015 qui
530 1937 586 1997 ista
599 1936 754 2011 dissemnt,
769 1938 882 1997 solum
896 1939 1008 1998 audent
1022 1940 1133 1997 malum

89 2033 187 2094 dicere
206 2032 246 2105 id,
262 2034 355 2109 quod
369 2044 471 2110 turpe
490 2033 553 2108 sit3
574 2033 625 2110 qui
639 2044 738 2093 autem
752 2033 908 2107 remissius,
923 2033 944 2094 ii
957 2045 1057 2094 tamen
1071 2054 1133 2094 non

337 2129 474 2190 dubitant
488 2149 657 2190 summum
671 2130 798 2189 malum
812 2129 917 2190 dicere.
962 2132 1041 2190 Nam
1055 2131 1128 2191 illud

337 2225 473 2302 quidem:
1125 2241 1178 2313 ³20

111 2387 145 2438 (d)
160 2386 208 2428 The
221 2384 303 2426 Maxim
437 2357 522 2423 thcce
535 2357 592 2407 dedi
606 2374 681 2422 neque
697 2358 727 2407 do
742 2358 838 2423 infideli
852 2358 975 2422 cuiqnam,
1111 2331 1145 2345 ’,ἢ

86 2437 132 2480 that
143 2437 206 2478 Faith
214 2436 274 2477 isnot
281 2443 303 2477 to

85 2487 303 2581 givnsssptiprpmpg
341 2470 452 2532 ideirco
478 2481 558 2531 recte
585 2490 603 2529 a
630 2482 729 2548 poeta,
759 2470 837 2548 quia,
866 2491 935 2530 cum
962 2481 1133 2533 tractaretur

86 2602 149 2630 cover
162 2589 195 2629 sor
235 2587 300 2637 rjury.
340 2574 455 2642 Atreus,
470 2588 615 2646 personae
636 2569 824 2630 serviendum
845 2569 907 2630 fuit.
950 2571 1010 2630 Sed
1031 2568 1055 2629 si
1075 2571 1133 2630 hoc

86 2639 302 2740 thiffriddid
340 2665 396 2726 sibi
418 2676 544 2739 sument,
570 2667 682 2724 nullam
709 2685 775 2727 esse
798 2666 889 2726 fidem
917 2684 994 2742 quae
1021 2663 1134 2726 infideli

87 2741 299 2836 tffls'ediii'ssidsff
338 2766 408 2824 data
428 2763 473 2837 sit,
488 2762 608 2823 videant
629 2783 667 2824 ne
688 2774 843 2839 quaeratur
862 2763 976 2822 latebra
994 2761 1131 2839 periurio.
1147 2784 1176 2834 25

87 2841 137 2932 {1¹22
148 2838 301 2930 ῗζξξῗζοῗξ
340 2878 404 2934 107.
428 2862 481 2919 Est
495 2870 595 2919 autem
606 2859 651 2919 ius
663 2859 750 2920 etiam
761 2859 901 2920 bellicum
916 2861 1049 2936 fidesque
1063 2857 1133 2919 iuris

88 2937 302 3032 fflffiffissffl‘s
337 2955 452 3017 iurandi
466 2975 556 3033 saepe
569 2975 638 3015 cum
652 2957 738 3017 hoste
753 2959 904 3017 servanda.
949 2957 1039 3032 Quod
1054 2955 1134 3017 enim

89 3037 301 3143 {Jffiffiffld
338 3057 380 3117 ita
400 3055 526 3116 iuratum
547 3064 601 3127 est,
622 3064 656 3114 ut
676 3073 761 3114 mens
781 3052 951 3129 conciperet
968 3053 1030 3114 fieri
1051 3073 1136 3131 opor·
1173 3044 1175 3048 ’

341 3165 409 3227 tere,
427 3152 458 3211 id
478 3151 656 3211 servandum
674 3161 737 3211 est:
758 3151 839 3226 quod
860 3149 952 3224 aliter,
974 3149 1006 3210 id
1028 3149 1052 3210 si
1073 3170 1134 3211 non

90 3253 199 3327 fecerit,
214 3251 328 3311 nullum
349 3260 394 3311 est
414 3246 582 3326 periurium.
625 3248 670 3307 Ut
688 3245 713 3305 si
731 3245 930 3323 praedonibus
948 3257 1067 3321 pactum
1082 3265 1134 3323 pro
1148 3272 1179 3321 30

90 3353 187 3429 capite
205 3348 334 3427 pretium
353 3367 414 3408 non
433 3343 574 3419 attuleris,
589 3345 671 3404 nulla
683 3346 765 3404 fraus
785 3354 837 3416 est,
853 3362 892 3403 ne
911 3341 936 3402 si
950 3342 1061 3414 iuratus¹
1074 3342 1136 3421 qui-

89 3452 159 3510 dem
179 3448 211 3508 id
231 3465 293 3506 non
313 3444 425 3507 feceris.
468 3444 548 3503 Nam
566 3443 661 3520 pirata
679 3461 741 3501 non
761 3450 805 3500 est
819 3459 856 3500 ex
869 3439 1069 3516 perduellium
1084 3460 1135 3500 nu·

89 3565 171 3608 mero
192 3543 339 3617 definitus,
354 3543 408 3604 sed
428 3538 595 3602 communis
615 3539 708 3600 hostis
730 3537 871 3626 omnium.
915 3538 992 3598 Cum
1006 3537 1065 3597 hoc
1078 3555 1135 3595 nec

136 3667 169 3718 26
179 3673 263 3718 autem
275 3681 321 3714 om.
337 3665 374 3714 Or
382 3669 468 3713 contra
478 3661 553 3724 codd,
563 3667 640 3711 totum
651 3662 729 3711 Ionem
740 3660 785 3710 Est
797 3658 1032 3709 autem-servanda
1042 3658 1136 3707 seclusit

89 3751 170 3801 Heinc
216 3752 226 3807 [l
268 3763 299 3813 29
310 3747 336 3796 id
352 3747 373 3795 si
392 3762 444 3796 non
460 3744 544 3794 fecerit
560 3743 630 3793 uncis
642 3742 739 3792 seclusit
747 3741 887 3798 Heckcum,
898 3738 984 3790 feceris
998 3739 1035 3788 Or
1049 3745 1134 3787 contra

89 3829 154 3880 codd.
203 3831 214 3888 ll
250 3843 280 3891 33
304 3826 440 3890 [definitus]
461 3827 498 3876 Or
514 3826 555 3875 Lu
572 3840 627 3875 cum
644 3825 668 3874 I.
682 3824 721 3875 M.
740 3823 901 3888 anringcro,
922 3836 955 3870 er
971 3818 1143 3886 perduellium

88 3925 205 3961 namnet
219 3908 333 3958 delinitus
349 3915 387 3958 est
400 3915 441 3959 ete.
460 3908 496 3957 St
