<?xml version="1.0" encoding="UTF-8"?>
<!DOCTYPE html PUBLIC "-//W3C//DTD XHTML 1.0 Transitional//EN"
    "http://www.w3.org/TR/xhtml1/DTD/xhtml1-transitional.dtd">
<html xmlns="http://www.w3.org/1999/xhtml" xml:lang="en" lang="en">
 <head>
  <title>
</title>
<meta http-equiv="Content-Type" content="text/html;charset=utf-8" />
  <meta name='ocr-system' content='tesseract 3.04.00' />
  <meta name='ocr-capabilities' content='ocr_page ocr_carea ocr_par ocr_line ocrx_word'/>
</head>
<body>
  <div class='ocr_page' id='page_1' title='image "./deofficiislibri01cicegoog_0184.png"; bbox 0 0 2512 4192; ppageno 0'>
   <div class='ocr_carea' id='block_1_1' title="bbox 62 195 1039 280">
    <p class='ocr_par' dir='ltr' id='par_1_1' title="bbox 62 195 1039 280">
     <span class='ocr_line' id='line_1_1' title="bbox 62 195 1039 280; baseline -0.003 -21"><span class='ocrx_word' id='word_1_1' title='bbox 62 215 123 259; x_wconf 79' lang='lat' dir='ltr'>xxi</span> <span class='ocrx_word' id='word_1_2' title='bbox 138 195 190 280; x_wconf 83' lang='lat'>85]</span> <span class='ocrx_word' id='word_1_3' title='bbox 262 199 312 258; x_wconf 83' lang='lat' dir='ltr'>Do</span> <span class='ocrx_word' id='word_1_4' title='bbox 330 198 499 258; x_wconf 80' lang='lat' dir='ltr'><em>contentione</em></span> <span class='ocrx_word' id='word_1_5' title='bbox 517 198 644 257; x_wconf 78' lang='lat' dir='ltr'><em>Honesti</em></span> <span class='ocrx_word' id='word_1_6' title='bbox 659 204 688 256; x_wconf 86' lang='lat' dir='ltr'>et</span> <span class='ocrx_word' id='word_1_7' title='bbox 712 198 799 258; x_wconf 68' lang='lat' dir='ltr'>wotos</span> <span class='ocrx_word' id='word_1_8' title='bbox 985 213 1039 276; x_wconf 80' lang='lat'>125</span> 
     </span>
    </p>
   </div>
   <div class='ocr_carea' id='block_1_2' title="bbox 61 364 1112 2380">
    <p class='ocr_par' dir='ltr' id='par_1_2' title="bbox 61 364 1042 541">
     <span class='ocr_line' id='line_1_2' title="bbox 61 364 1042 444; baseline -0.003 -16"><span class='ocrx_word' id='word_1_9' title='bbox 61 367 140 428; x_wconf 85' lang='lat' dir='ltr'>italis</span> <span class='ocrx_word' id='word_1_10' title='bbox 155 367 292 428; x_wconf 89' lang='lat' dir='ltr'>Eteocles</span> <span class='ocrx_word' id='word_1_11' title='bbox 305 368 353 426; x_wconf 89' lang='lat' dir='ltr'>vel</span> <span class='ocrx_word' id='word_1_12' title='bbox 367 365 465 444; x_wconf 90' lang='lat' dir='ltr'>potius</span> <span class='ocrx_word' id='word_1_13' title='bbox 480 364 643 442; x_wconf 86' lang='lat' dir='ltr'>Euripides,</span> <span class='ocrx_word' id='word_1_14' title='bbox 659 365 709 442; x_wconf 91' lang='lat' dir='ltr'>qui</span> <span class='ocrx_word' id='word_1_15' title='bbox 723 365 755 426; x_wconf 92' lang='lat' dir='ltr'>id</span> <span class='ocrx_word' id='word_1_16' title='bbox 768 385 868 440; x_wconf 90' lang='lat' dir='ltr'>unum,</span> <span class='ocrx_word' id='word_1_17' title='bbox 884 367 967 443; x_wconf 91' lang='lat' dir='ltr'>quod</span> <span class='ocrx_word' id='word_1_18' title='bbox 980 386 1042 426; x_wconf 91' lang='lat' dir='ltr'>om·</span> 
     </span>
     <span class='ocr_line' id='line_1_3' title="bbox 61 463 1040 541; baseline -0.002 -16"><span class='ocrx_word' id='word_1_19' title='bbox 61 487 79 525; x_wconf 91' lang='lat' dir='ltr'>n</span> <span class='ocrx_word' id='word_1_20' title='bbox 100 463 356 526; x_wconf 89' lang='lat' dir='ltr'>sceleratissimum</span> <span class='ocrx_word' id='word_1_21' title='bbox 377 463 479 537; x_wconf 85' lang='lat' dir='ltr'>fuerit,</span> <span class='ocrx_word' id='word_1_22' title='bbox 492 463 652 540; x_wconf 86' lang='lat' dir='ltr'>exceperit!</span> <span class='ocrx_word' id='word_1_23' title='bbox 695 465 741 539; x_wconf 85' lang='lat'>83.</span> <span class='ocrx_word' id='word_1_24' title='bbox 779 463 861 538; x_wconf 90' lang='lat' dir='ltr'>Quid</span> <span class='ocrx_word' id='word_1_25' title='bbox 881 463 968 541; x_wconf 88' lang='lat' dir='ltr'>igitur</span> <span class='ocrx_word' id='word_1_26' title='bbox 987 464 1040 523; x_wconf 94' lang='lat' dir='ltr'>mi-</span> 
     </span>
    </p>

    <p class='ocr_par' dir='ltr' id='par_1_3' title="bbox 61 559 1084 833">
     <span class='ocr_line' id='line_1_4' title="bbox 61 559 1041 640; baseline -0.004 -17"><span class='ocrx_word' id='word_1_27' title='bbox 61 585 68 623; x_wconf 86' lang='grc' dir='ltr'><strong>ι</strong></span> <span class='ocrx_word' id='word_1_28' title='bbox 81 562 255 640; x_wconf 86' lang='lat' dir='ltr'>colligimus,</span> <span class='ocrx_word' id='word_1_29' title='bbox 270 560 454 634; x_wconf 85' lang='lat' dir='ltr'>hereditates,</span> <span class='ocrx_word' id='word_1_30' title='bbox 470 571 656 633; x_wconf 89' lang='lat' dir='ltr'>mercaturas,</span> <span class='ocrx_word' id='word_1_31' title='bbox 670 559 856 620; x_wconf 85' lang='lat' dir='ltr'>venditiones</span> <span class='ocrx_word' id='word_1_32' title='bbox 875 561 1041 621; x_wconf 83' lang='lat' dir='ltr'>iraudulen-</span> 
     </span>
     <span class='ocr_line' id='line_1_5' title="bbox 88 657 1038 736; baseline -0.004 -15"><span class='ocrx_word' id='word_1_33' title='bbox 88 662 169 721; x_wconf 88' lang='lat' dir='ltr'>Ecce</span> <span class='ocrx_word' id='word_1_34' title='bbox 189 661 251 735; x_wconf 91' lang='lat' dir='ltr'>tibi,</span> <span class='ocrx_word' id='word_1_35' title='bbox 273 659 325 736; x_wconf 91' lang='lat' dir='ltr'>qui</span> <span class='ocrx_word' id='word_1_36' title='bbox 343 678 393 719; x_wconf 90' lang='lat' dir='ltr'>rex</span> <span class='ocrx_word' id='word_1_37' title='bbox 412 658 514 736; x_wconf 91' lang='lat' dir='ltr'>populi</span> <span class='ocrx_word' id='word_1_38' title='bbox 535 657 665 718; x_wconf 90' lang='lat' dir='ltr'>Romani</span> <span class='ocrx_word' id='word_1_39' title='bbox 686 657 883 736; x_wconf 92' lang='lat' dir='ltr'>dominusque</span> <span class='ocrx_word' id='word_1_40' title='bbox 904 657 1038 719; x_wconf 90' lang='lat' dir='ltr'>omnium</span> 
     </span>
     <span class='ocr_line' id='line_1_6' title="bbox 61 754 1084 833; baseline -0.003 -14"><span class='ocrx_word' id='word_1_41' title='bbox 61 758 129 819; x_wconf 85' lang='lat' dir='ltr'>ium</span> <span class='ocrx_word' id='word_1_42' title='bbox 143 777 207 819; x_wconf 86' lang='lat' dir='ltr'>esse</span> <span class='ocrx_word' id='word_1_43' title='bbox 221 755 420 833; x_wconf 87' lang='lat' dir='ltr'>concupiverit</span> <span class='ocrx_word' id='word_1_44' title='bbox 434 755 525 832; x_wconf 88' lang='lat' dir='ltr'>idque</span> <span class='ocrx_word' id='word_1_45' title='bbox 538 754 706 832; x_wconf 82' lang='lat' dir='ltr'>perfecerit!</span> <span class='ocrx_word' id='word_1_46' title='bbox 743 757 832 815; x_wconf 90' lang='lat' dir='ltr'>Hanc</span> <span class='ocrx_word' id='word_1_47' title='bbox 847 755 1039 833; x_wconf 86' lang='lat' dir='ltr'>cupiditatem</span> <span class='ocrx_word' id='word_1_48' title='bbox 1070 763 1084 816; x_wconf 72' lang='lat' dir='ltr'>s</span> 
     </span>
    </p>

    <p class='ocr_par' dir='ltr' id='par_1_4' title="bbox 61 850 1112 2380">
     <span class='ocr_line' id='line_1_7' title="bbox 61 850 1040 975; baseline -0.003 -59"><span class='ocrx_word' id='word_1_49' title='bbox 61 866 192 916; x_wconf 86' lang='lat' dir='ltr'>onestam</span> <span class='ocrx_word' id='word_1_50' title='bbox 206 853 272 931; x_wconf 91' lang='lat' dir='ltr'>quis</span> <span class='ocrx_word' id='word_1_51' title='bbox 290 872 355 975; x_wconf 56' lang='lat' dir='ltr'>epse</span> <span class='ocrx_word' id='word_1_52' title='bbox 375 852 455 924; x_wconf 91' lang='lat' dir='ltr'>dicit,</span> <span class='ocrx_word' id='word_1_53' title='bbox 471 871 573 913; x_wconf 90' lang='lat' dir='ltr'>amens</span> <span class='ocrx_word' id='word_1_54' title='bbox 591 862 649 913; x_wconf 91' lang='lat' dir='ltr'>est:</span> <span class='ocrx_word' id='word_1_55' title='bbox 670 851 775 929; x_wconf 91' lang='lat' dir='ltr'>probat</span> <span class='ocrx_word' id='word_1_56' title='bbox 796 850 875 911; x_wconf 90' lang='lat' dir='ltr'>enim</span> <span class='ocrx_word' id='word_1_57' title='bbox 895 854 994 930; x_wconf 87' lang='lat' dir='ltr'>legum</span> <span class='ocrx_word' id='word_1_58' title='bbox 1010 864 1040 914; x_wconf 93' lang='lat' dir='ltr'>et</span> 
     </span>
     <span class='ocr_line' id='line_1_8' title="bbox 61 949 1040 1026; baseline -0.001 -14"><span class='ocrx_word' id='word_1_59' title='bbox 61 951 139 1012; x_wconf 74' lang='lat' dir='ltr'>statis</span> <span class='ocrx_word' id='word_1_60' title='bbox 153 950 308 1025; x_wconf 87' lang='lat' dir='ltr'>interitum·</span> <span class='ocrx_word' id='word_1_61' title='bbox 316 970 474 1026; x_wconf 89' lang='lat' dir='ltr'>eammque</span> <span class='ocrx_word' id='word_1_62' title='bbox 488 949 706 1026; x_wconf 88' lang='lat' dir='ltr'>oppressionem</span> <span class='ocrx_word' id='word_1_63' title='bbox 730 959 852 1008; x_wconf 81' lang='lat' dir='ltr'>taetram</span> <span class='ocrx_word' id='word_1_64' title='bbox 866 959 896 1009; x_wconf 93' lang='lat' dir='ltr'>et</span> <span class='ocrx_word' id='word_1_65' title='bbox 917 951 1040 1011; x_wconf 86' lang='lat' dir='ltr'>detesta-</span> 
     </span>
     <span class='ocr_line' id='line_1_9' title="bbox 61 1027 1039 1126; baseline -0.001 -18"><span class='ocrx_word' id='word_1_66' title='bbox 61 1069 88 1108; x_wconf 92' lang='lat' dir='ltr'>m</span> <span class='ocrx_word' id='word_1_67' title='bbox 107 1047 264 1126; x_wconf 87' lang='lat' dir='ltr'>gloriosam</span> <span class='ocrx_word' id='word_1_68' title='bbox 282 1052 373 1125; x_wconf 89' lang='lat' dir='ltr'>putat.</span> <span class='ocrx_word' id='word_1_69' title='bbox 390 1027 399 1101; x_wconf 73' lang='lat' dir='ltr'>i</span> <span class='ocrx_word' id='word_1_70' title='bbox 417 1045 476 1122; x_wconf 91' lang='lat' dir='ltr'>Qui</span> <span class='ocrx_word' id='word_1_71' title='bbox 495 1056 595 1105; x_wconf 90' lang='lat' dir='ltr'>autem</span> <span class='ocrx_word' id='word_1_72' title='bbox 609 1047 715 1105; x_wconf 90' lang='lat' dir='ltr'>fatetur</span> <span class='ocrx_word' id='word_1_73' title='bbox 727 1045 885 1105; x_wconf 87' lang='lat' dir='ltr'>honestum</span> <span class='ocrx_word' id='word_1_74' title='bbox 900 1066 961 1107; x_wconf 91' lang='lat' dir='ltr'>non</span> <span class='ocrx_word' id='word_1_75' title='bbox 976 1066 1039 1107; x_wconf 88' lang='lat' dir='ltr'>esse</span> 
     </span>
     <span class='ocr_line' id='line_1_10' title="bbox 62 1142 1038 1221; baseline -0.002 -15"><span class='ocrx_word' id='word_1_76' title='bbox 62 1165 81 1206; x_wconf 85' lang='lat' dir='ltr'>a</span> <span class='ocrx_word' id='word_1_77' title='bbox 101 1145 227 1217; x_wconf 89' lang='lat' dir='ltr'>civitate,</span> <span class='ocrx_word' id='word_1_78' title='bbox 243 1162 318 1221; x_wconf 88' lang='lat' dir='ltr'>quae</span> <span class='ocrx_word' id='word_1_79' title='bbox 337 1143 428 1203; x_wconf 89' lang='lat' dir='ltr'>libera</span> <span class='ocrx_word' id='word_1_80' title='bbox 445 1142 530 1202; x_wconf 84' lang='lat' dir='ltr'>fuerit</span> <span class='ocrx_word' id='word_1_81' title='bbox 552 1161 688 1218; x_wconf 88' lang='lat' dir='ltr'>quaeque</span> <span class='ocrx_word' id='word_1_82' title='bbox 702 1161 765 1202; x_wconf 91' lang='lat' dir='ltr'>esse</span> <span class='ocrx_word' id='word_1_83' title='bbox 780 1144 894 1218; x_wconf 89' lang='lat' dir='ltr'>debeat,</span> <span class='ocrx_word' id='word_1_84' title='bbox 909 1163 1038 1221; x_wconf 87' lang='lat' dir='ltr'>regnare,</span> 
     </span>
     <span class='ocr_line' id='line_1_11' title="bbox 71 1224 1085 1330; baseline -0.008 -28"><span class='ocrx_word' id='word_1_85' title='bbox 71 1240 108 1316; x_wconf 90' lang='lat' dir='ltr'>ei,</span> <span class='ocrx_word' id='word_1_86' title='bbox 128 1241 180 1318; x_wconf 91' lang='lat' dir='ltr'>qui</span> <span class='ocrx_word' id='word_1_87' title='bbox 196 1241 228 1300; x_wconf 91' lang='lat' dir='ltr'>id</span> <span class='ocrx_word' id='word_1_88' title='bbox 243 1242 339 1300; x_wconf 83' lang='lat' dir='ltr'>tacere</span> <span class='ocrx_word' id='word_1_89' title='bbox 359 1239 460 1316; x_wconf 87' lang='lat' dir='ltr'>possit,</span> <span class='ocrx_word' id='word_1_90' title='bbox 482 1258 546 1300; x_wconf 91' lang='lat' dir='ltr'>esse</span> <span class='ocrx_word' id='word_1_91' title='bbox 563 1224 717 1330; x_wconf 65' lang='lat' dir='ltr'>utile,squa</span> <span class='ocrx_word' id='word_1_92' title='bbox 737 1240 818 1298; x_wconf 91' lang='lat' dir='ltr'>hunc</span> <span class='ocrx_word' id='word_1_93' title='bbox 837 1239 1038 1317; x_wconf 87' lang='lat' dir='ltr'>obiurgatione</span> <span class='ocrx_word' id='word_1_94' title='bbox 1055 1260 1085 1296; x_wconf 84' lang='grc' dir='ltr'>ιο</span> 
     </span>
     <span class='ocr_line' id='line_1_12' title="bbox 61 1315 1038 1438; baseline -0.001 -39"><span class='ocrx_word' id='word_1_95' title='bbox 61 1357 123 1416; x_wconf 92' lang='grc'>000</span> <span class='ocrx_word' id='word_1_96' title='bbox 137 1336 235 1414; x_wconf 91' lang='lat' dir='ltr'>potius</span> <span class='ocrx_word' id='word_1_97' title='bbox 249 1335 410 1396; x_wconf 89' lang='lat' dir='ltr'>convicioa</span> <span class='ocrx_word' id='word_1_98' title='bbox 424 1346 507 1395; x_wconf 88' lang='lat' dir='ltr'>tanto</span> <span class='ocrx_word' id='word_1_99' title='bbox 527 1353 624 1394; x_wconf 88' lang='lat' dir='ltr'>errore</span> <span class='ocrx_word' id='word_1_100' title='bbox 639 1333 735 1421; x_wconf 97' lang='grc' dir='ltr'>60ῒὴ</span> <span class='ocrx_word' id='word_1_101' title='bbox 753 1315 914 1438; x_wconf 52' lang='lat' dir='ltr'>avelleret]</span> <span class='ocrx_word' id='word_1_102' title='bbox 936 1341 1038 1398; x_wconf 86' lang='lat' dir='ltr'>Potest</span> 
     </span>
     <span class='ocr_line' id='line_1_13' title="bbox 61 1418 1040 1511; baseline 0.002 -16"><span class='ocrx_word' id='word_1_103' title='bbox 61 1457 86 1511; x_wconf 89' lang='lat' dir='ltr'>n,</span> <span class='ocrx_word' id='word_1_104' title='bbox 102 1436 145 1496; x_wconf 90' lang='lat' dir='ltr'>dii</span> <span class='ocrx_word' id='word_1_105' title='bbox 164 1435 357 1495; x_wconf 86' lang='lat' dir='ltr'>immortales!</span> <span class='ocrx_word' id='word_1_106' title='bbox 377 1432 516 1510; x_wconf 90' lang='lat' dir='ltr'>cuiquam</span> <span class='ocrx_word' id='word_1_107' title='bbox 537 1451 602 1492; x_wconf 88' lang='lat' dir='ltr'>esse</span> <span class='ocrx_word' id='word_1_108' title='bbox 622 1418 700 1493; x_wconf 70' lang='lat' dir='ltr'>utile</span> <span class='ocrx_word' id='word_1_109' title='bbox 714 1433 917 1495; x_wconf 82' lang='lat' dir='ltr'>foedissimum</span> <span class='ocrx_word' id='word_1_110' title='bbox 939 1447 968 1496; x_wconf 89' lang='lat' dir='ltr'>et</span> <span class='ocrx_word' id='word_1_111' title='bbox 981 1447 1040 1496; x_wconf 88' lang='lat' dir='ltr'>tae-</span> 
     </span>
     <span class='ocr_line' id='line_1_14' title="bbox 61 1530 1039 1610; baseline 0 -16"><span class='ocrx_word' id='word_1_112' title='bbox 61 1536 149 1594; x_wconf 68' lang='lat' dir='ltr'>{mum</span> <span class='ocrx_word' id='word_1_113' title='bbox 163 1532 350 1610; x_wconf 90' lang='lat' dir='ltr'>parricidium</span> <span class='ocrx_word' id='word_1_114' title='bbox 363 1530 483 1607; x_wconf 88' lang='lat' dir='ltr'>patriae,</span> <span class='ocrx_word' id='word_1_115' title='bbox 499 1530 632 1608; x_wconf 89' lang='lat' dir='ltr'>quamvis</span> <span class='ocrx_word' id='word_1_116' title='bbox 652 1531 685 1603; x_wconf 92' lang='lat' dir='ltr'>is,</span> <span class='ocrx_word' id='word_1_117' title='bbox 701 1531 752 1608; x_wconf 91' lang='lat' dir='ltr'>qui</span> <span class='ocrx_word' id='word_1_118' title='bbox 769 1551 801 1592; x_wconf 90' lang='lat' dir='ltr'>se</span> <span class='ocrx_word' id='word_1_119' title='bbox 822 1551 858 1594; x_wconf 88' lang='lat' dir='ltr'>eo</span> <span class='ocrx_word' id='word_1_120' title='bbox 878 1533 1039 1594; x_wconf 84' lang='lat' dir='ltr'>obstrinxe-</span> 
     </span>
     <span class='ocr_line' id='line_1_15' title="bbox 61 1618 1039 1725; baseline 0.003 -38"><span class='ocrx_word' id='word_1_121' title='bbox 61 1659 138 1702; x_wconf 60' lang='lat' dir='ltr'>„stude</span> <span class='ocrx_word' id='word_1_122' title='bbox 147 1659 165 1700; x_wconf 55' lang='grc' dir='ltr'>ῖς</span> <span class='ocrx_word' id='word_1_123' title='bbox 174 1657 210 1700; x_wconf 63' lang='lat' dir='ltr'>ffl,</span> <span class='ocrx_word' id='word_1_124' title='bbox 247 1627 291 1702; x_wconf 90' lang='lat' dir='ltr'>rit,</span> <span class='ocrx_word' id='word_1_125' title='bbox 306 1628 345 1687; x_wconf 88' lang='lat' dir='ltr'>ab</span> <span class='ocrx_word' id='word_1_126' title='bbox 354 1626 500 1704; x_wconf 84' lang='lat' dir='ltr'>oppressis</span> <span class='ocrx_word' id='word_1_127' title='bbox 514 1625 625 1687; x_wconf 91' lang='lat' dir='ltr'>civibus</span> <span class='ocrx_word' id='word_1_128' title='bbox 640 1629 749 1687; x_wconf 89' lang='lat' dir='ltr'>Parens</span> <span class='ocrx_word' id='word_1_129' title='bbox 763 1618 967 1725; x_wconf 59' lang='lat' dir='ltr'>nomineturtss</span> <span class='ocrx_word' id='word_1_130' title='bbox 976 1633 1039 1690; x_wconf 92' lang='lat' dir='ltr'>Ho-</span> 
     </span>
     <span class='ocr_line' id='line_1_16' title="bbox 61 1719 1112 1804; baseline 0.001 -19"><span class='ocrx_word' id='word_1_131' title='bbox 61 1719 212 1802; x_wconf 53' lang='lat' dir='ltr'>{ffiffiuffi</span> <span class='ocrx_word' id='word_1_132' title='bbox 248 1736 361 1785; x_wconf 88' lang='lat' dir='ltr'>nestate</span> <span class='ocrx_word' id='word_1_133' title='bbox 381 1725 468 1802; x_wconf 88' lang='lat' dir='ltr'>igitur</span> <span class='ocrx_word' id='word_1_134' title='bbox 488 1723 641 1802; x_wconf 84' lang='lat' dir='ltr'>dirigenda</span> <span class='ocrx_word' id='word_1_135' title='bbox 660 1724 769 1785; x_wconf 85' lang='lat' dir='ltr'>utilitas</span> <span class='ocrx_word' id='word_1_136' title='bbox 790 1736 834 1786; x_wconf 92' lang='lat' dir='ltr'>est</span> <span class='ocrx_word' id='word_1_137' title='bbox 861 1736 891 1786; x_wconf 88' lang='lat' dir='ltr'>et</span> <span class='ocrx_word' id='word_1_138' title='bbox 917 1727 1038 1804; x_wconf 84' lang='lat' dir='ltr'>quidem</span> <span class='ocrx_word' id='word_1_139' title='bbox 1055 1737 1081 1787; x_wconf 80' lang='lat'>15</span> <span class='ocrx_word' id='word_1_140' title='bbox 1109 1774 1112 1785; x_wconf 92' lang='lat'><em>.</em></span> 
     </span>
     <span class='ocr_line' id='line_1_17' title="bbox 61 1808 1051 1919; baseline 0 -37"><span class='ocrx_word' id='word_1_141' title='bbox 61 1812 142 1862; x_wconf 57' lang='lat' dir='ltr'>dimi·</span> <span class='ocrx_word' id='word_1_142' title='bbox 249 1822 300 1895; x_wconf 90' lang='lat' dir='ltr'>sic,</span> <span class='ocrx_word' id='word_1_143' title='bbox 324 1832 357 1881; x_wconf 88' lang='lat' dir='ltr'>ut</span> <span class='ocrx_word' id='word_1_144' title='bbox 377 1822 451 1880; x_wconf 90' lang='lat' dir='ltr'>haec</span> <span class='ocrx_word' id='word_1_145' title='bbox 472 1821 533 1881; x_wconf 92' lang='lat' dir='ltr'>duo</span> <span class='ocrx_word' id='word_1_146' title='bbox 541 1816 643 1915; x_wconf 47' lang='lat' dir='ltr'>(gero</span> <span class='ocrx_word' id='word_1_147' title='bbox 664 1821 739 1880; x_wconf 90' lang='lat' dir='ltr'>inter</span> <span class='ocrx_word' id='word_1_148' title='bbox 759 1840 791 1881; x_wconf 93' lang='lat' dir='ltr'>se</span> <span class='ocrx_word' id='word_1_149' title='bbox 813 1808 1051 1919; x_wconf 66' lang='lat' dir='ltr'>discrepare.</span> 
     </span>
     <span class='ocr_line' id='line_1_18' title="bbox 61 1905 1039 2008; baseline 0.001 -29"><span class='ocrx_word' id='word_1_150' title='bbox 61 1940 93 1979; x_wconf 93' lang='lat' dir='ltr'>m</span> <span class='ocrx_word' id='word_1_151' title='bbox 112 1937 217 1979; x_wconf 90' lang='lat' dir='ltr'>sonare</span> <span class='ocrx_word' id='word_1_152' title='bbox 232 1918 393 1978; x_wconf 89' lang='lat' dir='ltr'>videantur.</span> <span class='ocrx_word' id='word_1_153' title='bbox 414 1905 483 2008; x_wconf 60' lang='lat'>[84</span> <span class='ocrx_word' id='word_1_154' title='bbox 511 1920 581 1976; x_wconf 93' lang='lat' dir='ltr'>Non</span> <span class='ocrx_word' id='word_1_155' title='bbox 592 1918 695 1991; x_wconf 71' lang='lat' dir='ltr'>¹liabeo</span> <span class='ocrx_word' id='word_1_156' title='bbox 714 1918 752 1978; x_wconf 92' lang='lat' dir='ltr'>ad</span> <span class='ocrx_word' id='word_1_157' title='bbox 770 1918 849 1996; x_wconf 85' lang='lat' dir='ltr'>volgi</span> <span class='ocrx_word' id='word_1_158' title='bbox 868 1919 1039 1997; x_wconf 89' lang='lat' dir='ltr'>opinionem</span> 
     </span>
     <span class='ocr_line' id='line_1_19' title="bbox 61 2012 1040 2091; baseline 0.002 -16"><span class='ocrx_word' id='word_1_159' title='bbox 61 2034 76 2075; x_wconf 88' lang='lat' dir='ltr'>e</span> <span class='ocrx_word' id='word_1_160' title='bbox 90 2013 185 2074; x_wconf 89' lang='lat' dir='ltr'>maior</span> <span class='ocrx_word' id='word_1_161' title='bbox 197 2012 305 2073; x_wconf 91' lang='lat' dir='ltr'>utilitas</span> <span class='ocrx_word' id='word_1_162' title='bbox 320 2032 409 2090; x_wconf 90' lang='lat' dir='ltr'>quam</span> <span class='ocrx_word' id='word_1_163' title='bbox 429 2012 572 2090; x_wconf 84' lang='lat' dir='ltr'>regnandi</span> <span class='ocrx_word' id='word_1_164' title='bbox 593 2031 658 2073; x_wconf 89' lang='lat' dir='ltr'>esse</span> <span class='ocrx_word' id='word_1_165' title='bbox 670 2014 772 2091; x_wconf 91' lang='lat' dir='ltr'>possit,</span> <span class='ocrx_word' id='word_1_166' title='bbox 788 2014 861 2074; x_wconf 88' lang='lat' dir='ltr'>nihil</span> <span class='ocrx_word' id='word_1_167' title='bbox 877 2027 980 2076; x_wconf 87' lang='lat' dir='ltr'>contra</span> <span class='ocrx_word' id='word_1_168' title='bbox 998 2017 1040 2077; x_wconf 92' lang='lat' dir='ltr'>in-</span> 
     </span>
     <span class='ocr_line' id='line_1_20' title="bbox 61 2108 1039 2187; baseline 0.002 -17"><span class='ocrx_word' id='word_1_169' title='bbox 61 2129 99 2170; x_wconf 93' lang='lat' dir='ltr'>.us</span> <span class='ocrx_word' id='word_1_170' title='bbox 110 2110 147 2182; x_wconf 88' lang='lat' dir='ltr'>ei,</span> <span class='ocrx_word' id='word_1_171' title='bbox 158 2109 208 2185; x_wconf 92' lang='lat' dir='ltr'>qui</span> <span class='ocrx_word' id='word_1_172' title='bbox 218 2109 250 2169; x_wconf 92' lang='lat' dir='ltr'>id</span> <span class='ocrx_word' id='word_1_173' title='bbox 260 2109 366 2169; x_wconf 91' lang='lat' dir='ltr'>iniuste</span> <span class='ocrx_word' id='word_1_174' title='bbox 380 2121 556 2168; x_wconf 85' lang='lat' dir='ltr'>consecutus</span> <span class='ocrx_word' id='word_1_175' title='bbox 566 2108 610 2183; x_wconf 90' lang='lat' dir='ltr'>sit,</span> <span class='ocrx_word' id='word_1_176' title='bbox 621 2109 748 2184; x_wconf 88' lang='lat' dir='ltr'>inveni0,</span> <span class='ocrx_word' id='word_1_177' title='bbox 760 2130 828 2187; x_wconf 77' lang='lat' dir='ltr'>cum</span> <span class='ocrx_word' id='word_1_178' title='bbox 839 2112 878 2172; x_wconf 90' lang='lat' dir='ltr'>ad</span> <span class='ocrx_word' id='word_1_179' title='bbox 888 2113 1039 2174; x_wconf 88' lang='lat' dir='ltr'>veritatem</span> 
     </span>
     <span class='ocr_line' id='line_1_21' title="bbox 61 2198 1084 2294; baseline 0.004 -30"><span class='ocrx_word' id='word_1_180' title='bbox 61 2243 213 2294; x_wconf 48' lang='lat' dir='ltr'>,unhappffiess</span> <span class='ocrx_word' id='word_1_181' title='bbox 250 2205 336 2282; x_wconf 89' lang='lat' dir='ltr'>coepi</span> <span class='ocrx_word' id='word_1_182' title='bbox 355 2223 492 2266; x_wconf 91' lang='lat' dir='ltr'>revocare</span> <span class='ocrx_word' id='word_1_183' title='bbox 519 2198 697 2267; x_wconf 46' lang='lat' dir='ltr'>rationem&amp;</span> <span class='ocrx_word' id='word_1_184' title='bbox 721 2209 849 2267; x_wconf 90' lang='lat' dir='ltr'>Possunt</span> <span class='ocrx_word' id='word_1_185' title='bbox 876 2208 955 2267; x_wconf 90' lang='lat' dir='ltr'>enim</span> <span class='ocrx_word' id='word_1_186' title='bbox 982 2210 1039 2268; x_wconf 92' lang='lat' dir='ltr'>cui·</span> <span class='ocrx_word' id='word_1_187' title='bbox 1052 2226 1084 2260; x_wconf 81' lang='lat'>20</span> 
     </span>
     <span class='ocr_line' id='line_1_22' title="bbox 61 2295 1039 2380; baseline 0.004 -19"><span class='ocrx_word' id='word_1_188' title='bbox 61 2295 190 2347; x_wconf 40' lang='lat' dir='ltr'>milis*</span> <span class='ocrx_word' id='word_1_189' title='bbox 249 2321 340 2379; x_wconf 91' lang='lat' dir='ltr'>quam</span> <span class='ocrx_word' id='word_1_190' title='bbox 361 2321 424 2362; x_wconf 93' lang='lat' dir='ltr'>esse</span> <span class='ocrx_word' id='word_1_191' title='bbox 445 2302 531 2362; x_wconf 89' lang='lat' dir='ltr'>utiles</span> <span class='ocrx_word' id='word_1_192' title='bbox 552 2321 683 2380; x_wconf 88' lang='lat' dir='ltr'>angores,</span> <span class='ocrx_word' id='word_1_193' title='bbox 705 2304 924 2379; x_wconf 89' lang='lat' dir='ltr'>sollicitudines,</span> <span class='ocrx_word' id='word_1_194' title='bbox 943 2307 1039 2368; x_wconf 93' lang='lat' dir='ltr'>diurni</span> 
     </span>
    </p>
   </div>
   <div class='ocr_carea' id='block_1_3' title="bbox 61 2398 1040 2610">
    <p class='ocr_par' dir='ltr' id='par_1_5' title="bbox 61 2398 1040 2610">
     <span class='ocr_line' id='line_1_23' title="bbox 61 2398 1040 2480; baseline 0.002 -19"><span class='ocrx_word' id='word_1_195' title='bbox 61 2399 181 2461; x_wconf 78' lang='grc' dir='ltr'>,00ῖοτηί</span> <span class='ocrx_word' id='word_1_196' title='bbox 194 2411 298 2474; x_wconf 89' lang='lat' dir='ltr'>metus,</span> <span class='ocrx_word' id='word_1_197' title='bbox 314 2398 374 2461; x_wconf 91' lang='lat' dir='ltr'>vita</span> <span class='ocrx_word' id='word_1_198' title='bbox 387 2398 559 2459; x_wconf 88' lang='lat' dir='ltr'>insidiarum</span> <span class='ocrx_word' id='word_1_199' title='bbox 579 2399 833 2478; x_wconf 89' lang='lat' dir='ltr'>periculorumque</span> <span class='ocrx_word' id='word_1_200' title='bbox 854 2404 1040 2480; x_wconf 88' lang='lat' dir='ltr'>plenissima?</span> 
     </span>
     <span class='ocr_line' id='line_1_24' title="bbox 193 2543 882 2610; baseline 0.006 -16"><span class='ocrx_word' id='word_1_201' title='bbox 193 2544 275 2594; x_wconf 86' lang='lat' dir='ltr'>Mn&#39;lti</span> <span class='ocrx_word' id='word_1_202' title='bbox 288 2543 372 2609; x_wconf 80' lang='lat' dir='ltr'>iniqui</span> <span class='ocrx_word' id='word_1_203' title='bbox 384 2550 456 2610; x_wconf 81' lang='lat' dir='ltr'>atque</span> <span class='ocrx_word' id='word_1_204' title='bbox 469 2544 577 2609; x_wconf 75' lang='lat' dir='ltr'>tozfidelcs</span> <span class='ocrx_word' id='word_1_205' title='bbox 593 2543 673 2610; x_wconf 60' lang='lat' dir='ltr'>nssrno,</span> <span class='ocrx_word' id='word_1_206' title='bbox 685 2548 764 2610; x_wconf 81' lang='lat' dir='ltr'>ponci</span> <span class='ocrx_word' id='word_1_207' title='bbox 778 2546 882 2598; x_wconf 68' lang='lat' dir='ltr'>bdzevoli</span> 
     </span>
    </p>
   </div>
   <div class='ocr_carea' id='block_1_4' title="bbox 61 2668 1086 3527">
    <p class='ocr_par' dir='ltr' id='par_1_6' title="bbox 61 2668 1086 3527">
     <span class='ocr_line' id='line_1_25' title="bbox 61 2668 1039 2755; baseline 0.001 -18"><span class='ocrx_word' id='word_1_208' title='bbox 61 2676 98 2738; x_wconf 86' lang='lat' dir='ltr'>rit</span> <span class='ocrx_word' id='word_1_209' title='bbox 116 2675 235 2736; x_wconf 91' lang='lat' dir='ltr'>Accius.</span> <span class='ocrx_word' id='word_1_210' title='bbox 276 2678 318 2734; x_wconf 94' lang='lat' dir='ltr'>At</span> <span class='ocrx_word' id='word_1_211' title='bbox 331 2674 378 2733; x_wconf 91' lang='lat' dir='ltr'>cui</span> <span class='ocrx_word' id='word_1_212' title='bbox 392 2668 501 2752; x_wconf 85' lang='lat' dir='ltr'>regno?</span> <span class='ocrx_word' id='word_1_213' title='bbox 521 2676 634 2751; x_wconf 90' lang='lat' dir='ltr'>quoda</span> <span class='ocrx_word' id='word_1_214' title='bbox 651 2677 777 2736; x_wconf 88' lang='lat' dir='ltr'>Tantalo</span> <span class='ocrx_word' id='word_1_215' title='bbox 796 2687 826 2737; x_wconf 93' lang='lat' dir='ltr'>et</span> <span class='ocrx_word' id='word_1_216' title='bbox 845 2679 955 2753; x_wconf 91' lang='lat' dir='ltr'>Pelope</span> <span class='ocrx_word' id='word_1_217' title='bbox 965 2685 1039 2755; x_wconf 72' lang='lat' dir='ltr'>”pro</span> 
     </span>
     <span class='ocr_line' id='line_1_26' title="bbox 61 2771 1083 2851; baseline 0 -17"><span class='ocrx_word' id='word_1_218' title='bbox 61 2793 97 2834; x_wconf 76' lang='lat' dir='ltr'>im</span> <span class='ocrx_word' id='word_1_219' title='bbox 116 2773 180 2833; x_wconf 90' lang='lat' dir='ltr'>iure</span> <span class='ocrx_word' id='word_1_220' title='bbox 199 2771 393 2850; x_wconf 89' lang='lat' dir='ltr'>optinebatur.</span> <span class='ocrx_word' id='word_1_221' title='bbox 435 2774 515 2843; x_wconf 82' lang='lat' dir='ltr'>Nam</span> <span class='ocrx_word' id='word_1_222' title='bbox 529 2782 639 2849; x_wconf 90' lang='lat' dir='ltr'>quanto</span> <span class='ocrx_word' id='word_1_223' title='bbox 654 2774 751 2849; x_wconf 90' lang='lat' dir='ltr'>plures</span> <span class='ocrx_word' id='word_1_224' title='bbox 764 2772 792 2832; x_wconf 89' lang='lat' dir='ltr'>ei</span> <span class='ocrx_word' id='word_1_225' title='bbox 806 2774 867 2850; x_wconf 86' lang='lat' dir='ltr'>regi</span> <span class='ocrx_word' id='word_1_226' title='bbox 880 2785 973 2850; x_wconf 87' lang='lat' dir='ltr'>putas,</span> <span class='ocrx_word' id='word_1_227' title='bbox 989 2776 1038 2851; x_wconf 91' lang='lat' dir='ltr'>qui</span> <span class='ocrx_word' id='word_1_228' title='bbox 1052 2801 1065 2833; x_wconf 85' lang='lat'>2</span> <span class='ocrx_word' id='word_1_229' title='bbox 1070 2797 1083 2846; x_wconf 80' lang='lat'><strong>5</strong></span> 
     </span>
     <span class='ocr_line' id='line_1_27' title="bbox 61 2867 1040 2947; baseline 0.001 -17"><span class='ocrx_word' id='word_1_230' title='bbox 61 2871 131 2931; x_wconf 80' lang='lat' dir='ltr'>:citu</span> <span class='ocrx_word' id='word_1_231' title='bbox 144 2869 246 2947; x_wconf 92' lang='lat' dir='ltr'>populi</span> <span class='ocrx_word' id='word_1_232' title='bbox 255 2867 384 2929; x_wconf 91' lang='lat' dir='ltr'>Romani</span> <span class='ocrx_word' id='word_1_233' title='bbox 397 2871 541 2945; x_wconf 90' lang='lat' dir='ltr'>populum</span> <span class='ocrx_word' id='word_1_234' title='bbox 554 2868 651 2945; x_wconf 89' lang='lat' dir='ltr'>ipsum</span> <span class='ocrx_word' id='word_1_235' title='bbox 665 2872 836 2928; x_wconf 85' lang='lat' dir='ltr'>Romanum</span> <span class='ocrx_word' id='word_1_236' title='bbox 850 2870 1040 2947; x_wconf 89' lang='lat' dir='ltr'>oppressisset</span> 
     </span>
     <span class='ocr_line' id='line_1_28' title="bbox 61 2966 1041 3044; baseline -0.002 -14"><span class='ocrx_word' id='word_1_237' title='bbox 61 2979 210 3043; x_wconf 86' lang='lat' dir='ltr'>tatemque</span> <span class='ocrx_word' id='word_1_238' title='bbox 230 2985 291 3026; x_wconf 91' lang='lat' dir='ltr'>non</span> <span class='ocrx_word' id='word_1_239' title='bbox 311 2967 402 3026; x_wconf 93' lang='lat' dir='ltr'>modo</span> <span class='ocrx_word' id='word_1_240' title='bbox 422 2966 553 3040; x_wconf 89' lang='lat' dir='ltr'>liberam,</span> <span class='ocrx_word' id='word_1_241' title='bbox 568 2967 622 3027; x_wconf 93' lang='lat' dir='ltr'>sed</span> <span class='ocrx_word' id='word_1_242' title='bbox 642 2966 731 3026; x_wconf 90' lang='lat' dir='ltr'>etiam</span> <span class='ocrx_word' id='word_1_243' title='bbox 751 2966 886 3044; x_wconf 87' lang='lat' dir='ltr'>gentibus</span> <span class='ocrx_word' id='word_1_244' title='bbox 899 2967 1041 3044; x_wconf 88' lang='lat' dir='ltr'>imperan-</span> 
     </span>
     <span class='ocr_line' id='line_1_29' title="bbox 61 3052 1049 3145; baseline -0.001 -22"><span class='ocrx_word' id='word_1_245' title='bbox 61 3061 191 3123; x_wconf 48' lang='lat' dir='ltr'>¹servire</span> <span class='ocrx_word' id='word_1_246' title='bbox 212 3060 267 3121; x_wconf 92' lang='lat' dir='ltr'>sibi</span> <span class='ocrx_word' id='word_1_247' title='bbox 287 3060 449 3145; x_wconf 67' lang='lat' dir='ltr'>coligisset?</span> <span class='ocrx_word' id='word_1_248' title='bbox 500 3063 546 3138; x_wconf 82' lang='lat'>85.</span> <span class='ocrx_word' id='word_1_249' title='bbox 583 3064 676 3120; x_wconf 90' lang='lat' dir='ltr'>Hunc</span> <span class='ocrx_word' id='word_1_250' title='bbox 696 3073 729 3121; x_wconf 92' lang='lat' dir='ltr'>tu</span> <span class='ocrx_word' id='word_1_251' title='bbox 750 3081 823 3139; x_wconf 82' lang='lat' dir='ltr'>quas</span> <span class='ocrx_word' id='word_1_252' title='bbox 843 3052 1049 3122; x_wconf 79' lang='lat' dir='ltr'>conscientiae</span> 
     </span>
     <span class='ocr_line' id='line_1_30' title="bbox 61 3148 1041 3234; baseline -0.004 -12"><span class='ocrx_word' id='word_1_253' title='bbox 61 3180 83 3223; x_wconf 81' lang='lat' dir='ltr'>:s</span> <span class='ocrx_word' id='word_1_254' title='bbox 103 3159 135 3218; x_wconf 90' lang='lat' dir='ltr'>in</span> <span class='ocrx_word' id='word_1_255' title='bbox 156 3157 256 3218; x_wconf 92' lang='lat' dir='ltr'>animo</span> <span class='ocrx_word' id='word_1_256' title='bbox 274 3148 377 3221; x_wconf 59' lang='lat' dir='ltr'>censes*</span> <span class='ocrx_word' id='word_1_257' title='bbox 396 3156 541 3229; x_wconf 89' lang='lat' dir='ltr'>habuisse,</span> <span class='ocrx_word' id='word_1_258' title='bbox 556 3177 633 3234; x_wconf 88' lang='lat' dir='ltr'>quae</span> <span class='ocrx_word' id='word_1_259' title='bbox 652 3161 790 3219; x_wconf 83' lang='lat' dir='ltr'>vulnera?</span> <span class='ocrx_word' id='word_1_260' title='bbox 830 3159 923 3220; x_wconf 91' lang='lat' dir='ltr'>Cuius</span> <span class='ocrx_word' id='word_1_261' title='bbox 942 3171 1041 3220; x_wconf 88' lang='lat' dir='ltr'>autem</span> 
     </span>
     <span class='ocr_line' id='line_1_31' title="bbox 75 3253 1086 3334; baseline -0.002 -19"><span class='ocrx_word' id='word_1_262' title='bbox 75 3255 132 3334; x_wconf 92' lang='lat' dir='ltr'>ipsi</span> <span class='ocrx_word' id='word_1_263' title='bbox 146 3265 243 3332; x_wconf 88' lang='lat' dir='ltr'>potest</span> <span class='ocrx_word' id='word_1_264' title='bbox 257 3253 335 3313; x_wconf 90' lang='lat' dir='ltr'>utilis</span> <span class='ocrx_word' id='word_1_265' title='bbox 350 3272 422 3325; x_wconf 90' lang='lat' dir='ltr'>esse,</span> <span class='ocrx_word' id='word_1_266' title='bbox 437 3273 507 3313; x_wconf 91' lang='lat' dir='ltr'>cum</span> <span class='ocrx_word' id='word_1_267' title='bbox 521 3253 583 3314; x_wconf 91' lang='lat' dir='ltr'>eius</span> <span class='ocrx_word' id='word_1_268' title='bbox 597 3254 674 3314; x_wconf 92' lang='lat' dir='ltr'>vitae</span> <span class='ocrx_word' id='word_1_269' title='bbox 688 3274 724 3314; x_wconf 89' lang='lat' dir='ltr'>ea</span> <span class='ocrx_word' id='word_1_270' title='bbox 737 3254 869 3316; x_wconf 88' lang='lat' dir='ltr'>conditio</span> <span class='ocrx_word' id='word_1_271' title='bbox 883 3255 928 3329; x_wconf 91' lang='lat' dir='ltr'>sit,</span> <span class='ocrx_word' id='word_1_272' title='bbox 944 3266 977 3315; x_wconf 94' lang='lat' dir='ltr'>ut</span> <span class='ocrx_word' id='word_1_273' title='bbox 990 3257 1041 3333; x_wconf 92' lang='lat' dir='ltr'>qui</span> <span class='ocrx_word' id='word_1_274' title='bbox 1055 3280 1086 3329; x_wconf 79' lang='lat'>30</span> 
     </span>
     <span class='ocr_line' id='line_1_32' title="bbox 61 3348 1042 3430; baseline 0.003 -20"><span class='ocrx_word' id='word_1_275' title='bbox 61 3371 83 3410; x_wconf 89' lang='lat' dir='ltr'>n</span> <span class='ocrx_word' id='word_1_276' title='bbox 110 3349 248 3428; x_wconf 89' lang='lat' dir='ltr'>eripuerit</span> <span class='ocrx_word' id='word_1_277' title='bbox 274 3348 306 3409; x_wconf 92' lang='lat' dir='ltr'>in</span> <span class='ocrx_word' id='word_1_278' title='bbox 332 3349 460 3410; x_wconf 86' lang='lat' dir='ltr'>maxima</span> <span class='ocrx_word' id='word_1_279' title='bbox 488 3361 517 3410; x_wconf 97' lang='lat' dir='ltr'>et</span> <span class='ocrx_word' id='word_1_280' title='bbox 548 3350 640 3428; x_wconf 82' lang='lat' dir='ltr'>gratia</span> <span class='ocrx_word' id='word_1_281' title='bbox 668 3352 782 3412; x_wconf 83' lang='lat' dir='ltr'>iuturus</span> <span class='ocrx_word' id='word_1_282' title='bbox 813 3351 851 3412; x_wconf 93' lang='lat' dir='ltr'>sit</span> <span class='ocrx_word' id='word_1_283' title='bbox 877 3363 907 3412; x_wconf 89' lang='lat' dir='ltr'>et</span> <span class='ocrx_word' id='word_1_284' title='bbox 933 3353 1042 3430; x_wconf 82' lang='lat' dir='ltr'>gloria?</span> 
     </span>
     <span class='ocr_line' id='line_1_33' title="bbox 61 3446 1043 3527; baseline -0.002 -16"><span class='ocrx_word' id='word_1_285' title='bbox 61 3451 96 3511; x_wconf 78' lang='lat' dir='ltr'>&gt;d</span> <span class='ocrx_word' id='word_1_286' title='bbox 109 3448 134 3508; x_wconf 93' lang='lat' dir='ltr'>si</span> <span class='ocrx_word' id='word_1_287' title='bbox 147 3450 221 3509; x_wconf 87' lang='lat' dir='ltr'>haec</span> <span class='ocrx_word' id='word_1_288' title='bbox 231 3446 315 3508; x_wconf 89' lang='lat' dir='ltr'>utilia</span> <span class='ocrx_word' id='word_1_289' title='bbox 328 3467 389 3507; x_wconf 91' lang='lat' dir='ltr'>non</span> <span class='ocrx_word' id='word_1_290' title='bbox 403 3458 479 3522; x_wconf 91' lang='lat' dir='ltr'>sunt,</span> <span class='ocrx_word' id='word_1_291' title='bbox 491 3468 568 3525; x_wconf 89' lang='lat' dir='ltr'>quae</span> <span class='ocrx_word' id='word_1_292' title='bbox 581 3447 707 3509; x_wconf 88' lang='lat' dir='ltr'>maxime</span> <span class='ocrx_word' id='word_1_293' title='bbox 721 3449 865 3518; x_wconf 87' lang='lat' dir='ltr'>videntur,</span> <span class='ocrx_word' id='word_1_294' title='bbox 873 3448 942 3526; x_wconf 86' lang='lat' dir='ltr'>quia</span> <span class='ocrx_word' id='word_1_295' title='bbox 954 3453 1043 3527; x_wconf 87' lang='lat' dir='ltr'>plena</span> 
     </span>
    </p>
   </div>
   <div class='ocr_carea' id='block_1_5' title="bbox 61 3602 1045 3926">
    <p class='ocr_par' dir='ltr' id='par_1_7' title="bbox 61 3602 1044 3682">
     <span class='ocr_line' id='line_1_34' title="bbox 61 3602 1044 3682; baseline -0.001 -12"><span class='ocrx_word' id='word_1_296' title='bbox 61 3637 64 3670; x_wconf 77' lang='grc' dir='ltr'><em>ῑ</em></span> <span class='ocrx_word' id='word_1_297' title='bbox 84 3618 216 3682; x_wconf 86' lang='lat' dir='ltr'>Euripides</span> <span class='ocrx_word' id='word_1_298' title='bbox 227 3616 267 3665; x_wconf 91' lang='lat' dir='ltr'>vel</span> <span class='ocrx_word' id='word_1_299' title='bbox 278 3602 360 3680; x_wconf 88' lang='lat' dir='ltr'>potius</span> <span class='ocrx_word' id='word_1_300' title='bbox 372 3617 485 3666; x_wconf 86' lang='lat' dir='ltr'>Eteocles</span> <span class='ocrx_word' id='word_1_301' title='bbox 494 3617 609 3666; x_wconf 81' lang='lat' dir='ltr'>Peorcr&#39;us</span> <span class='ocrx_word' id='word_1_302' title='bbox 618 3623 642 3665; x_wconf 88' lang='lat' dir='ltr'>et</span> <span class='ocrx_word' id='word_1_303' title='bbox 658 3618 791 3666; x_wconf 81' lang='lat' dir='ltr'>Gesonrns:</span> <span class='ocrx_word' id='word_1_304' title='bbox 807 3618 918 3682; x_wconf 87' lang='lat' dir='ltr'>capitalis</span> <span class='ocrx_word' id='word_1_305' title='bbox 930 3619 1044 3669; x_wconf 87' lang='lat' dir='ltr'>Eteocles</span> 
     </span>
    </p>

    <p class='ocr_par' dir='ltr' id='par_1_8' title="bbox 61 3697 1045 3926">
     <span class='ocr_line' id='line_1_35' title="bbox 75 3697 1045 3766; baseline 0.003 -18"><span class='ocrx_word' id='word_1_306' title='bbox 75 3700 158 3766; x_wconf 91' lang='lat' dir='ltr'>potius</span> <span class='ocrx_word' id='word_1_307' title='bbox 180 3697 322 3761; x_wconf 85' lang='lat' dir='ltr'>Euripides]</span> <span class='ocrx_word' id='word_1_308' title='bbox 344 3699 485 3757; x_wconf 85' lang='lat' dir='ltr'>Porsonns,·</span> <span class='ocrx_word' id='word_1_309' title='bbox 506 3705 584 3747; x_wconf 86' lang='lat' dir='ltr'>totum</span> <span class='ocrx_word' id='word_1_310' title='bbox 608 3698 723 3748; x_wconf 89' lang='lat' dir='ltr'>Eteocles</span> <span class='ocrx_word' id='word_1_311' title='bbox 743 3699 783 3747; x_wconf 88' lang='lat' dir='ltr'>vel</span> <span class='ocrx_word' id='word_1_312' title='bbox 805 3700 887 3764; x_wconf 92' lang='lat' dir='ltr'>potius</span> <span class='ocrx_word' id='word_1_313' title='bbox 914 3701 1045 3766; x_wconf 87' lang='lat' dir='ltr'>Euripides</span> 
     </span>
     <span class='ocr_line' id='line_1_36' title="bbox 61 3777 1043 3843; baseline 0 -13"><span class='ocrx_word' id='word_1_314' title='bbox 61 3782 130 3830; x_wconf 75' lang='lat' dir='ltr'>otoni</span> <span class='ocrx_word' id='word_1_315' title='bbox 144 3777 259 3828; x_wconf 81' lang='lat' dir='ltr'>tribuunt</span> <span class='ocrx_word' id='word_1_316' title='bbox 276 3779 317 3826; x_wconf 86' lang='lat' dir='ltr'>Ba</span> <span class='ocrx_word' id='word_1_317' title='bbox 335 3777 415 3826; x_wconf 81' lang='lat' dir='ltr'>Heion</span> <span class='ocrx_word' id='word_1_318' title='bbox 454 3782 463 3836; x_wconf 89' lang='grc' dir='ltr'>ΙΙ</span> <span class='ocrx_word' id='word_1_319' title='bbox 505 3795 536 3843; x_wconf 77' lang='lat'>23</span> <span class='ocrx_word' id='word_1_320' title='bbox 553 3780 625 3843; x_wconf 88' lang='lat' dir='ltr'>pauci</span> <span class='ocrx_word' id='word_1_321' title='bbox 641 3778 755 3829; x_wconf 85' lang='lat' dir='ltr'>benevoli</span> <span class='ocrx_word' id='word_1_322' title='bbox 771 3781 813 3829; x_wconf 87' lang='lat' dir='ltr'>Ba</span> <span class='ocrx_word' id='word_1_323' title='bbox 828 3781 909 3830; x_wconf 81' lang='lat' dir='ltr'>Hn&#39;ne</span> <span class='ocrx_word' id='word_1_324' title='bbox 923 3781 954 3829; x_wconf 91' lang='lat' dir='ltr'>St</span> <span class='ocrx_word' id='word_1_325' title='bbox 968 3795 982 3829; x_wconf 80' lang='lat' dir='ltr'>e</span> <span class='ocrx_word' id='word_1_326' title='bbox 994 3781 1043 3831; x_wconf 84' lang='lat' dir='ltr'>cod.</span> 
     </span>
     <span class='ocr_line' id='line_1_37' title="bbox 61 3862 354 3926; baseline -0.003 -13"><span class='ocrx_word' id='word_1_327' title='bbox 61 3880 81 3913; x_wconf 79' lang='lat' dir='ltr'>v.</span> <span class='ocrx_word' id='word_1_328' title='bbox 98 3879 112 3913; x_wconf 80' lang='lat' dir='ltr'>c</span> <span class='ocrx_word' id='word_1_329' title='bbox 117 3878 130 3922; x_wconf 88' lang='lat'><em>;</em></span> <span class='ocrx_word' id='word_1_330' title='bbox 144 3863 217 3926; x_wconf 83' lang='lat' dir='ltr'>vulgo</span> <span class='ocrx_word' id='word_1_331' title='bbox 227 3869 283 3912; x_wconf 90' lang='lat' dir='ltr'>sunt</span> <span class='ocrx_word' id='word_1_332' title='bbox 295 3862 354 3912; x_wconf 90' lang='lat' dir='ltr'>boni</span> 
     </span>
    </p>
   </div>
   <div class='ocr_carea' id='block_1_6' title="bbox 0 0 1261 4192">
    <p class='ocr_par' dir='ltr' id='par_1_9' title="bbox 0 0 1261 4192">
     <span class='ocr_line' id='line_1_38' title="bbox 0 0 1261 4192; baseline 0 0"><span class='ocrx_word' id='word_1_333' title='bbox 0 0 1261 4192; x_wconf 95' lang='lat' dir='ltr'> </span> 
     </span>
    </p>
   </div>
  </div>
 </body>
</html>
