2512 4192
117 128 153 179 ⁷2
560 108 611 166 Dc
623 108 720 183 glorta
1014 105 1062 189 [11
1078 125 1113 169 rx
1126 129 1161 186 33

78 3185 103 3234 X

113 277 226 355 capitur
239 276 390 337 beneficiis
404 276 532 334 maxime
537 296 546 348 3
565 277 698 336 secundo
712 288 812 336 autem
827 279 896 337 loco
909 279 1065 338 voluntate
1079 279 1162 340 bene-

115 375 172 433 fica
185 371 390 432 benevolentia
403 383 548 445 movetur,
563 372 654 432 etiam
664 373 688 434 si
701 393 747 434 res
757 374 832 433 forte
846 392 909 443 non
927 374 1068 451 suppetit.
1109 377 1162 436 Ve

116 472 269 531 hementer
286 480 387 528 autern
406 487 489 528 amor
507 468 704 528 multitudinis
725 480 931 530 commovetur
951 469 1018 547 ipsa
1038 473 1118 530 lama
1135 486 1162 532 et

116 565 258 642 opinione
279 563 458 624 liberalitatis
487 564 708 637 beneficentiae,
729 564 857 626 iustitiae
880 565 950 626 fidei
972 567 1162 644 omniumque

116 681 216 722 earum
230 660 380 733 virtutum,
395 679 471 736 quae
492 660 639 737 pertinent
660 662 699 720 ad
719 661 981 723 mansuetudinem
1000 683 1118 724 morum
1130 683 1161 724 ac
1184 687 1197 733 5

116 758 293 818 facilitatem.
337 756 456 816 Etenim
476 756 550 816 illud
571 756 675 833 ipsum,
684 758 766 833 quod
784 758 944 819 honestum
963 760 1161 838 decorumque

117 855 251 928 dicimus,
270 855 339 932 quia
359 875 413 932 per
432 875 464 915 se
485 854 571 916 nobis
592 857 689 932 placet
709 855 885 933 animosque
905 857 1043 917 omnium
1064 870 1162 918 natura

116 965 147 1016 et
174 954 272 1031 specie
300 973 354 1013 sua
379 963 550 1013 commovet
584 953 772 1030 maximeque
796 952 881 1030 quasi
908 954 1042 1030 perlucet
1069 975 1105 1014 ex
1130 955 1168 1024 iis,

117 1071 190 1128 quas
222 1048 462 1125 commemoravi,
481 1048 645 1122 virtutibus,
674 1049 786 1109 idcirco
816 1049 890 1123 illos,
919 1049 951 1108 in
979 1050 1091 1126 quibus
1116 1070 1162 1112 eas

116 1150 237 1210 virtutes
264 1166 329 1207 esse
355 1166 462 1218 remur,
484 1166 502 1205 a
522 1158 626 1206 natura
649 1145 714 1222 ipsa
737 1145 857 1222 diligere
881 1145 1023 1223 cogimur.
1067 1150 1161 1225 Atque
1175 1172 1197 1206 ιο

117 1245 173 1305 hae
187 1242 310 1320 quidem
328 1261 434 1300 causae
454 1240 596 1317 diligendi
614 1240 819 1318 gravissimaej
842 1252 969 1317 possunt
986 1242 1068 1302 enim
1086 1262 1163 1319 prae·

367 1348 446 1397 terea
460 1357 521 1397 non
535 1339 634 1397 nullae
645 1357 710 1397 esse
720 1337 852 1398 leviores.
883 1357 931 1414 33.
948 1337 1055 1399 Fides
1066 1335 1162 1400 autem

142 1439 168 1488 (a)
186 1439 243 1480 H0w
252 1447 274 1480 20
283 1438 325 1480 wa
367 1445 400 1495 ut
414 1435 557 1494 habeatur
573 1434 689 1493 duabus
702 1433 790 1493 rebus
804 1433 881 1493 effici
894 1445 1013 1511 potest:
1033 1435 1059 1494 si
1073 1435 1163 1496 existi·

116 1490 325 1532 considenteThe

116 1549 158 1629 m?
175 1547 327 1638 {liiicffli
365 1531 511 1593 mabimur
534 1529 635 1607 adepti
657 1529 849 1590 coniunctam
873 1550 944 1590 cum
966 1530 1080 1591 iustitia
1101 1551 1162 1608 pru·

117 1638 327 1729 Prule¹¹00=9ffl¹fh⁵⁶
365 1628 505 1691 dentiam.
548 1630 627 1685 Nam
642 1637 672 1686 et
685 1626 720 1685 iis
734 1627 826 1687 fidem
839 1627 994 1701 habemus
1010 1647 1087 1705 quos
1099 1630 1161 1705 plus
1174 1653 1197 1701 ¹5

116 1689 198 1785 gileti?
235 1702 254 1730 ¹⁵
315 1701 327 1728 ⁸
367 1727 535 1803 intellegere
563 1744 653 1801 quam
686 1744 740 1784 nos
770 1724 944 1784 arbitramur
971 1745 1108 1804 quosque
1133 1739 1161 1788 et

367 1826 464 1884 futura
483 1823 650 1900 prospicere
670 1823 818 1883 credimus
847 1835 887 1898 et,
906 1844 975 1884 cum
996 1845 1043 1886 res
1063 1836 1162 1904 agatur

118 1924 148 1982 in
173 1921 390 1998 discrimenque
414 1931 536 1981 ventum
563 1919 609 1992 sit,
632 1919 770 1996 expedire
798 1940 861 1980 rem
885 1932 915 1981 et
941 1921 1101 1981 consilium
1127 1942 1161 1983 ex

116 2032 250 2096 tempore
277 2038 382 2095 capere
409 2036 513 2094 posse:
548 2017 627 2075 hanc
654 2015 734 2077 enim
762 2015 866 2076 utilem
893 2016 1031 2077 homines
1058 2017 1161 2079 existu-

117 2128 198 2176 mant
212 2135 371 2192 veramque
388 2115 584 2193 prudentiam.
627 2115 716 2174 Iustis
730 2127 830 2177 autem
849 2127 878 2177 et
897 2116 964 2176 fidis
982 2117 1159 2190 hominibus,
1172 2151 1199 2186 ω

118 2213 149 2272 id
177 2223 222 2273 est
252 2212 338 2274 bonis
372 2212 449 2284 viris,
478 2212 520 2271 ita
545 2213 619 2272 fides
647 2213 778 2286 habetur,
813 2223 845 2272 ut
880 2215 961 2272 nulla
992 2213 1030 2273 sit
1063 2213 1096 2272 in
1128 2213 1162 2273 iis

117 2310 226 2369 fraudis
260 2308 442 2385 iniuriaeque
476 2301 606 2385 suspitio
650 2309 756 2385 Itaque
789 2307 835 2367 his
869 2310 994 2368 salutem
1022 2320 1160 2382 nostram,

117 2407 163 2466 his
183 2409 322 2479 fortunas,
342 2404 387 2465 his
407 2405 523 2477 liberos,
543 2404 704 2465 rectissime
724 2404 870 2465 committi
889 2405 1070 2467 arbitramur.
1115 2428 1160 2483 34

118 2507 234 2563 Harum
254 2502 341 2580 igitur
361 2502 486 2562 duarum
504 2501 545 2560 ad
562 2502 653 2561 fidem
671 2501 839 2561 faciendam
857 2499 966 2561 iustitia
978 2503 1046 2579 plus
1059 2505 1159 2580 pollet,

115 2602 224 2679 quippe
246 2620 316 2660 cum
339 2618 375 2659 ea
395 2598 460 2658 sine
482 2597 640 2674 prudentia
659 2597 729 2658 satis
751 2599 859 2659 habeat
881 2599 1062 2660 auctoritatis
1068 2623 1077 2676 3
1098 2621 1161 2678 pru·
1172 2632 1198 2679 ²5

116 2699 217 2759 dentia
229 2696 292 2758 sine
306 2694 416 2755 iustitia
430 2694 503 2754 nihil
516 2696 594 2756 valet
608 2696 647 2754 ad
663 2696 830 2767 faciendam
850 2697 949 2757 fidem.
992 2697 1063 2771 Quo
1080 2697 1159 2758 enim

115 2795 180 2871 quis
202 2792 345 2854 versutior
368 2802 398 2852 et
422 2790 556 2851 callidior
576 2802 631 2868 est,
654 2793 712 2851 hoc
736 2790 856 2852 invisior
878 2803 909 2852 et
929 2792 1093 2869 suspectior
1113 2795 1160 2856 de·

115 2902 207 2950 tracta
241 2888 380 2966 opinione
416 2886 577 2966 probitatis.
640 2874 740 2962 Quam
774 2889 814 2949 ob
848 2908 911 2950 rem
944 2888 1159 2968 intellegentiae

115 2986 224 3045 iustitia
244 2985 403 3044 coniuncta
418 2995 563 3061 quantum
582 2985 660 3043 volet
681 2983 804 3044 habebit
823 2985 862 3044 ad
882 2984 1050 3044 faciendam
1071 2987 1159 3047 fidem

115 3081 234 3154 virium3
249 3079 360 3141 iustitia
373 3080 436 3141 sine
449 3079 606 3158 prudentia
619 3081 746 3140 multum
759 3080 875 3158 poterit,
888 3080 951 3141 sine
965 3081 1075 3142 iustitia
1088 3082 1160 3142 nihil
1170 3096 1198 3145 30

366 3177 475 3237 valebit
494 3176 660 3255 prudentia.
702 3193 748 3253 35.
771 3177 830 3237 Sed
849 3176 967 3253 nequis
985 3177 1023 3238 sit
1039 3178 1160 3238 admira-

117 3250 163 3296 (not
173 3249 219 3290 that
228 3249 280 3300 they
291 3262 327 3290 are
597 3271 603 3284 ·
850 3273 855 3284 .

115 3301 183 3352 „my
201 3301 288 3342 disfim
308 3300 330 3340 ἢ,
365 3281 412 3331 tus
431 3291 492 3346 cur,
506 3292 576 3332 cum
594 3283 671 3334 rnter
689 3291 793 3333 omnes
806 3274 999 3351 philosophos
1013 3285 1159 3335 consteta

166 3473 177 3509 1
200 3459 307 3508 secundo
329 3464 412 3507 autem
433 3457 498 3521 loco,
518 3461 593 3511 etiam
615 3461 636 3510 si
657 3477 696 3511 res
717 3461 780 3511 forte
801 3477 852 3511 non
866 3462 984 3527 suppetit,
1002 3462 1159 3513 vehementer

113 3557 183 3589 amor
191 3540 333 3603 SauppeBa
344 3539 424 3588 Heine
428 3554 442 3600 ;
455 3548 538 3590 autem
543 3548 601 3605 post
609 3531 901 3592 vehementeromcod.a
968 3548 978 3602 ΙΙ
1046 3545 1158 3595 aoverbo

113 3631 138 3671 et
149 3621 204 3670 fidis
218 3622 365 3670 seclusmmt
377 3621 419 3668 Ba
435 3621 520 3681 Heine,
534 3622 605 3672 iustis
621 3630 703 3672 autem
714 3623 864 3684 hominibus,
877 3624 903 3672 id
920 3631 956 3673 est
972 3625 1052 3677 bonis.
1064 3627 1156 3675 Faccio·

111 3706 184 3764 latus,
197 3701 267 3751 iustis
283 3708 374 3760 autem,
392 3699 419 3748 id
435 3707 479 3760 est,
492 3700 760 3752 bonisvirisPearciur
827 3706 838 3760 ll
906 3703 937 3753 26
954 3704 1019 3754 valet
1030 3707 1071 3756 Ba
1082 3707 1159 3756 Heine

111 3788 153 3838 Lu
163 3801 219 3836 cunt
228 3784 304 3844 codd,
318 3783 398 3834 valeat
412 3782 481 3833 OrZ
