2512 4192
96 166 230 223 lxxxiv
246 162 316 246 124]
372 173 375 179 '
398 175 521 228 naturae
538 172 768 229 conservationem
782 173 908 247 pertinet
1106 187 1143 248 45

93 335 251 426 ξ’ξςξοξξωθῦ
263 336 309 376 An·
349 337 456 397 imitari
476 338 641 414 possit—ut
662 338 817 415 superioris
838 339 915 398 filius
935 340 1074 415 Africani,
1094 338 1146 415 qui

93 438 175 495 hunc
197 438 290 496 Paulo
311 448 411 496 natum
433 434 592 511 adoptavit,
612 446 732 511 propter
751 435 950 495 infirmitatem
970 434 1145 496 valetudinis

92 549 154 589 non
182 540 245 588 tam
273 529 368 606 potuit
395 527 484 606 patris
508 527 610 587 similis
634 547 707 599 esse,
734 547 823 604 quam
847 527 896 588 ille
920 530 1014 587 fuerat
1035 528 1145 588 sui—si

91 621 180 700 igitur
203 643 266 682 non
287 621 394 698 poterit
418 621 479 681 sive
501 640 603 680 causas
628 620 804 680 defensitare
828 620 889 680 sive
910 623 1053 698 populum
1075 641 1145 680 con·

91 713 224 774 tionibus
244 725 345 774 tenere
366 713 426 773 sive
446 713 525 773 bella
544 733 651 790 gerere,
667 712 716 771 illa
737 724 836 773 tamen
854 725 1000 790 praestare
1015 714 1142 788 debebit,
1173 748 1187 798 5

91 827 169 886 quae
190 821 277 870 erunt
297 809 328 869 in
349 809 438 885 ipsius
459 819 613 885 potestate,
637 807 777 868 iustitiam
807 810 899 868 fidem
930 809 1142 882 liberalitatem,

90 903 270 963 modestiam
302 903 533 980 temperantiam,
560 924 620 980 quo
648 903 744 964 minus
771 905 809 964 ab
838 924 874 964 eo
902 903 939 965 id.
962 906 1045 981 quod
1068 904 1143 965 desit

90 1001 262 1078 requiratur.
326 1002 459 1078 Optuma
492 1011 591 1059 autem
624 1000 771 1060 hereditas
805 1020 823 1059 a
859 999 988 1076 patribus
1022 1001 1144 1061 traditur

90 1099 189 1160 liberis
204 1097 345 1175 omnique
359 1097 536 1175 patrimonio
550 1097 742 1175 praestantior
755 1097 847 1175 gloria
859 1097 973 1158 virtutis
987 1119 1142 1177 rerumque

90 1206 249 1272 gestarum,
264 1194 312 1253 cui
326 1192 466 1254 dedecori
480 1195 543 1253 esse
558 1195 639 1252 nefas
653 1204 683 1253 et
696 1193 800 1253 vitium
814 1193 1006 1254 iudicandum
1021 1206 1071 1255 est.
1158 1220 1187 1254 ιο

35 1301 79 1351 (lv
114 1315 213 1356 Another
227 1314 309 1374 ,ms
407 1308 470 1347 122.
508 1289 547 1346 Et
568 1287 709 1363 quoniam
723 1287 819 1346 officia
839 1306 901 1346 non
921 1289 1025 1348 eadem
1047 1287 1142 1366 dispa-

89 1365 306 1466 ξῗὲἓξῖςζζῗέζξξῗ
343 1383 422 1445 ribus
440 1384 585 1445 aetatibus
599 1384 764 1445 tribuuntur
778 1385 894 1462 aliaque
909 1397 976 1445 sunt
991 1385 1139 1460 iuvenum,

89 1467 138 1518 ²b¹l
147 1475 169 1553 ⁸?
178 1467 238 1506 ⁰⁰⁶⁵
246 1467 301 1580 313⁰·
343 1480 400 1539 alia
414 1479 570 1553 seniorum,
585 1480 698 1557 aliquid
715 1481 803 1540 etiam
818 1483 856 1541 de
877 1483 933 1540 hac
953 1481 1141 1543 distinctione

88 1542 305 1644 &prgam-pecata
343 1577 502 1637 dicendum
523 1588 574 1636 est.
619 1579 672 1637 Est
690 1576 777 1654 igitur
797 1578 994 1638 adulescentis
1016 1579 1140 1642 maiores

88 1688 159 1736 natu
173 1675 268 1736 vereri
281 1695 376 1751 exque
390 1674 425 1734 iis
440 1674 567 1751 deligere
581 1674 708 1751 optimos
722 1686 752 1735 et
766 1675 997 1752 probatissimos
1014 1696 1139 1753 quorum
1155 1703 1182 1752 15

88 1772 213 1833 consilio
231 1783 319 1849 atque
339 1771 510 1832 auctoritate
525 1771 634 1830 nitatur
642 1794 652 1847 ;
671 1771 800 1831 ineuntis
815 1773 895 1832 enim
909 1775 1011 1834 aetatis
1025 1775 1140 1835 inscitia

88 1887 194 1928 senum
209 1867 416 1927 constituenda
430 1877 459 1927 et
473 1868 602 1944 regenda
614 1868 770 1944 prudentia
783 1880 834 1929 est
886 1872 1025 1930 Maxume
1040 1881 1139 1931 autem

88 1963 162 2024 haec
189 1974 272 2023 aetas
299 1984 317 2023 a
339 1963 511 2024 libidinibus
532 1967 660 2024 arcenda
680 1977 724 2026 est
744 1968 967 2044 exercendaque
987 1967 1018 2027 in
1038 1970 1138 2029 labore

87 2059 289 2138 patientiaque
310 2070 340 2120 et
358 2059 450 2118 animi
466 2071 495 2120 et
512 2061 649 2137 corporis,
667 2073 700 2121 ut
718 2082 821 2122 eorum
840 2074 869 2123 et
885 2063 917 2123 in
933 2064 1045 2124 bellicis
1062 2075 1091 2124 et
1106 2064 1138 2123 in

87 2157 223 2218 civilibus
250 2156 353 2216 officiis
376 2156 472 2234 vigeat
495 2157 645 2218 industria
688 2160 788 2236 Atque
812 2159 900 2219 etiam
921 2181 989 2220 cum
1009 2164 1182 2223 relaxarem

87 2255 204 2314 animos
225 2265 255 2314 et
277 2255 347 2314 dare
367 2275 398 2314 se
417 2255 590 2315 iucunditati
607 2257 715 2329 volent,
730 2269 853 2317 caveant
873 2257 1137 2336 intemperantiam,

89 2346 278 2411 meminerint
291 2347 503 2407 verecundiae:
525 2351 605 2423 quod
620 2350 673 2411 erit
686 2352 806 2428 facilius,
822 2354 846 2413 si
863 2375 901 2416 ne
920 2355 951 2415 in
971 2357 1032 2418 eius
1052 2337 1135 2422 modi

88 2446 211 2522 quidem
220 2445 308 2503 rebus
317 2442 441 2502 maiores
450 2456 521 2504 natu
532 2446 791 2510 nolentinteresse.
821 2470 885 2525 1²3·
902 2454 1027 2516 Senibus
1036 2469 1135 2528 autem

111 2574 191 2615 ΒΜ
209 2573 303 2624 peculi„
341 2538 455 2598 labores
476 2540 604 2615 corporis
625 2541 786 2618 minuendi,
806 2547 1027 2610 exercitationes
1048 2553 1138 2612 animi

87 2631 108 2666 ‘⁰
120 2625 164 2666 ⁰¹⁶
177 2637 234 2675 ²⁸⁸·
340 2634 429 2694 etiam
449 2638 601 2713 augendae
621 2639 758 2700 videntur
762 2662 772 2715 ,·
782 2644 882 2703 danda
901 2666 971 2706 vero
992 2667 1088 2724 opera,
1104 2662 1137 2710 ut
1150 2676 1178 2725 ²5

85 2740 115 2789 et
134 2728 249 2790 amicos
269 2741 299 2790 et
318 2729 498 2792 iuventutem
515 2744 545 2793 et
566 2735 694 2796 maxime
712 2756 774 2798 rem
792 2740 943 2815 publicam
963 2744 1086 2806 consilio
1107 2758 1137 2807 et

84 2826 244 2903 prudentia
264 2846 354 2903 quam
374 2829 531 2905 plurimum
552 2831 699 2893 adiuvent.
754 2837 837 2896 Nihil
858 2849 957 2898 autem
977 2841 1070 2918 magis
1090 2863 1136 2902 ca-

83 2924 217 2985 vendum
236 2934 280 2984 est
297 2925 440 2985 senectuti
468 2946 556 3003 quam
570 2949 608 2988 ne
622 2931 755 3007 languori
768 2953 799 2992 se
815 2934 1005 3013 desidiaeque
1027 2939 1129 3002 dedat.

84 3023 217 3082 Luxuria
230 3043 299 3084 vero
314 3044 383 3084 cum
398 3022 480 3082 omni
498 3024 587 3084 aetati
603 3027 703 3104 turpiS,
718 3039 781 3087 tum
802 3032 945 3092 senectuti
965 3035 1135 3096 foedissima

82 3126 134 3176 est
179 3115 232 3177 Sin
252 3127 351 3177 autem
369 3117 457 3196 ¹etiam
471 3118 628 3182 libidinum
642 3122 867 3203 intemperantia
880 3130 1010 3206 accessit,
1027 3133 1135 3209 duplex
1146 3163 1178 3210 30

83 3213 195 3272 malum
224 3224 277 3286 est,
299 3215 381 3289 quod
408 3225 437 3275 et
464 3215 528 3292 ipsa
551 3230 686 3279 senectus
707 3222 837 3283 dedecus
858 3225 987 3303 concipit
1007 3238 1037 3288 et
1064 3229 1133 3290 facit

83 3309 320 3370 adulescentium
340 3309 587 3388 impudentiorem
607 3314 869 3394 intemperantiam.
920 3318 984 3396 1²¹4
1027 3327 1073 3384 Ac
1093 3346 1132 3386 ne

82 3420 297 3512 lepsuuggdofsissg:
336 3405 410 3467 illud
430 3408 552 3484 quidem
566 3411 695 3472 alienum
709 3427 761 3489 est,
784 3417 822 3476 de
843 3417 1070 3495 magistratuum,
1094 3423 1132 3482 de

79 3520 160 3573 jaces,
178 3521 297 3564 citizens
334 3516 520 3582 prrvatorum,
542 3509 580 3568 de
601 3508 708 3571 civium
732 3514 770 3573 de
790 3517 1008 3594 peregrinomm
1029 3522 1131 3582 officiis

128 3695 160 3730 xo
176 3679 264 3730 vitium
275 3683 306 3730 St
315 3698 371 3731 cum
376 3685 500 3749 plerisque
509 3688 696 3752 codal,impium
710 3695 749 3742 Ba
763 3696 800 3743 Or
821 3701 831 3755 11
853 3714 882 3747 aa
895 3701 916 3748 si
928 3700 1120 3766 ne...quidem...

77 3758 163 3810 nolent
170 3763 213 3810 Ba
222 3762 304 3812 Heim
314 3764 356 3812 Lu
362 3771 419 3827 post
428 3767 470 3814 St:
486 3768 559 3830 vulgo
570 3768 841 3833 si...quidem...volent
867 3783 877 3837 u
903 3793 933 3843 30
949 3780 1126 3833 accesseritOr

80 3843 91 3898 Ι]
109 3855 142 3906 34
157 3844 231 3893 verba
240 3843 371 3893 deciviam
381 3847 433 3895 seed
444 3847 489 3896 b'a
497 3848 586 3912 llez'ne,
601 3850 664 3903 delet
674 3855 712 3906 H.
729 3856 834 3926 Wolfius
