2512 4192
122 157 159 213 62
271 154 449 212 Prooemium
470 153 504 211 de
521 171 572 211 suo
585 151 812 228 pte'losoptandi
827 151 921 210 studi)
1047 146 1158 231 [11113

122 327 330 406 voluptatibus.
373 347 401 403 3.
435 329 536 403 Atque
550 325 665 385 utinam
684 345 730 385 res
751 324 870 403 publica
883 323 1015 385 stetisset
1029 342 1090 401 quo
1103 343 1161 384 coe·

121 435 204 502 perat
227 435 304 485 statu
334 444 391 484 nec
408 423 440 482 in
457 422 593 483 homines
614 441 675 482 non
696 433 757 481 tam
778 421 1059 482 commutandarum
1082 439 1160 499 quarn

122 521 347 582 evertendarum
358 540 454 580 rerum
466 519 591 595 cupidos
600 518 766 579 incidissetl
788 517 922 577 Primum
931 515 1065 591 enim‚ut
1076 527 1160 577 stante

121 637 152 678 re
167 617 285 695 publica
299 619 395 678 facere
410 617 587 688 solebamus
602 614 633 674 in
647 615 764 692 agendo
778 615 845 691 plus
859 631 950 691 quam
964 614 997 674 in
1011 613 1159 675 scribendo

122 734 230 790 operae
251 733 438 790 poneremus,
460 712 570 773 deinde
591 711 663 789 ipsis
683 711 797 789 scriptis
823 731 886 771 non
914 731 958 784 ea,
975 730 1055 788 quae
1080 729 1190 784 nunes

124 812 176 871 sed
197 810 329 871 actiones
350 820 464 870 nostras
492 810 709 882 mandaremus,
738 819 771 868 ut
798 826 887 885 saepe
914 806 1049 869 fecimus.
1092 808 1158 868 Cum

124 920 222 967 autem
243 906 436 984 respublica,
459 905 490 964 in
511 925 570 981 qua
594 905 690 965 omnis
717 925 785 965 mea
812 924 883 964 cura
910 905 1053 982 cogitatio
1080 923 1159 981 opera

124 1004 195 1081 poni
217 1005 339 1076 solebat,
359 1005 440 1062 nulla
461 1013 538 1062 esset
559 1001 691 1076 omnino,
718 1001 786 1062 illae
813 1001 926 1062 scilicet
939 1000 1056 1063 litterae
1079 999 1159 1061 conti·

123 1112 247 1161 cuerunt
269 1103 399 1160 forenses
428 1109 457 1158 et
485 1096 656 1158 senatoriae.
698 1118 727 1171 4.
763 1097 847 1157 Nihil
869 1116 956 1174 agere
977 1108 1079 1159 autem
1099 1115 1158 1156 cum

120 1198 237 1257 animus
261 1217 322 1257 non
349 1206 458 1273 posset,
487 1194 518 1254 in
545 1194 591 1254 his
619 1193 722 1255 studiis
743 1196 782 1255 ab
805 1193 892 1254 initio
912 1206 1045 1254 versatus
1065 1193 1158 1255 aetatis
1170 1219 1190 1253 ιο

120 1293 283 1354 existimavi
303 1290 510 1352 honestissime
525 1290 675 1350 molestias
696 1309 784 1366 posse
805 1289 925 1366 deponi,
941 1289 966 1350 si
980 1310 1030 1352 me
1044 1292 1085 1350 ad
1104 1289 1159 1366 phi·

119 1384 285 1468 losophiam
305 1388 490 1449 rettulissem.
534 1386 591 1448 Cui
609 1406 677 1446 cum
699 1389 826 1446 multum
840 1388 1017 1447 adulescens
1031 1385 1158 1447 discendi

120 1507 209 1547 causa
228 1484 369 1563 temporis
390 1484 566 1558 tribuissem,
595 1495 700 1561 postea
727 1503 816 1560 quam
839 1483 1004 1544 honoribus
1026 1483 1158 1544 inservire

120 1585 207 1661 coepi
228 1603 335 1661 meque
356 1593 452 1642 totum
473 1581 516 1642 rei
535 1581 672 1659 publicae
693 1581 810 1653 tradidi,
825 1592 941 1642 tantum
955 1590 1018 1642 erat
1038 1583 1159 1658 philoso

120 1683 207 1760 phiae
222 1681 289 1754 loci,
305 1691 449 1756 quantum
464 1681 644 1755 superfuerat
657 1679 820 1739 amicorum
837 1690 866 1739 et
879 1677 923 1739 rei
942 1678 1082 1756 publicae
1095 1691 1189 1752 tem-15

119 1781 246 1857 poribus.
289 1779 328 1838 Id
341 1789 440 1838 autem
455 1795 545 1836 omne
561 1778 791 1837 consumebatur
810 1777 842 1836 in
862 1777 1000 1852 legend0,
1017 1776 1158 1838 scribendi

79 1889 108 1938 ΙΙ
121 1877 214 1936 otium
241 1895 302 1935 non
330 1887 399 1936 erat.
448 1891 473 1951 5.
512 1874 651 1933 Maximis
679 1873 766 1951 igitur
792 1874 823 1933 in
850 1874 935 1934 malis
970 1875 1031 1935 hoc
1064 1887 1158 1934 tamen

120 1973 192 2034 boni
213 1973 339 2034 assecuti
359 1973 502 2041 videmur,
522 1982 556 2031 ut
576 1991 611 2031 ea
632 1971 735 2031 litteris
762 1973 979 2045 mandaremus,
1010 1992 1089 2049 quae
1108 1991 1158 2032 nec

119 2080 202 2128 erant
222 2069 291 2128 satis
312 2079 384 2128 nota
404 2067 511 2127 nostris
526 2077 556 2128 et
571 2078 653 2126 erant
675 2065 843 2143 cognitione
857 2066 1039 2143 dignissima
1083 2067 1157 2143 Quid

121 2166 199 2225 enirn
214 2178 263 2238 est,
278 2185 331 2242 per
344 2166 424 2235 deos,
433 2163 588 2240 optabilius
603 2163 756 2240 sapientia,
777 2164 849 2240 quid
869 2165 1077 2242 praestantius,
1092 2164 1158 2241 quid
1168 2187 1191 2221 ro

146 2309 173 2356 (2)
198 2307 246 2349 The
261 2315 328 2365 “⁸¹3⁵-
366 2261 481 2371 homini
508 2260 621 2370 melius,
645 2261 717 2336 quid
744 2261 869 2370 homine¹
886 2261 1028 2371 dignius?
1073 2266 1158 2323 Hanc

170 2358 260 2398 cendant
284 2358 330 2406 ‘¹¹g·
368 2370 455 2436 1g1tur
475 2378 526 2434 qur
546 2367 689 2434 expetunt
701 2359 872 2436 philosophi
892 2371 1093 2435 nominantur,
1107 2379 1158 2421 nec

169 2408 331 2509 iiiiecisanilhi
370 2454 528 2531 quicquam
549 2453 629 2512 aliud
651 2463 695 2513 est
715 2454 911 2532 philosophia,
933 2454 958 2514 si
978 2455 1158 2533 interpretari

168 2509 320 2550 consideration

168 2560 191 2600 of
209 2560 244 2600 the
261 2559 330 2599 actual
368 2550 448 2622 velia,
480 2560 595 2626 praeter
626 2549 755 2609 studium
787 2549 955 2628 sapientiae.
1014 2550 1159 2628 Sapientia

167 2609 334 2657 benefits,which

168 2660 331 2719 accmerroma
367 2656 467 2706 autem
488 2656 540 2716 est,
557 2656 590 2704 ut
604 2665 622 2704 a
635 2645 782 2705 veteribus
802 2643 986 2722 philosophis
1007 2646 1158 2708 definitum
1167 2670 1190 2719 25

167 2710 283 2801 bilheil
304 2719 334 2801 lt
368 2753 421 2817 est,
435 2761 531 2802 rerum
553 2741 717 2801 divinarum
738 2753 768 2802 et
788 2742 983 2802 humanarum
997 2763 1159 2804 causarum·

167 2817 289 2862 mmm
367 2859 433 2916 que,
449 2839 555 2916 quibus
576 2859 630 2899 eae
643 2859 688 2899 res
702 2840 899 2914 continentur,
914 2841 1045 2914 scientia,
1079 2843 1157 2904 cuius

117 2936 247 2994 studium
268 2935 319 3012 qui
339 2937 485 3014 vituperat
505 2938 586 2996 haud
608 2955 678 2996 sane
699 2936 837 3015 intellego
858 2937 1001 3014 quidnam
1023 2939 1061 3000 sit
1079 2940 1157 3017 quod

116 3035 299 3092 laudandum
326 3045 418 3110 putet.
466 3037 493 3093 6.
530 3036 610 3094 Nam
631 3035 692 3095 sive
713 3035 873 3096 oblectatio
893 3036 1044 3112 quaeritur
1071 3037 1158 3099 animi

115 3128 290 3205 requiesque
309 3149 453 3204 curarum,
469 3150 545 3208 quae
565 3131 690 3194 conferri
710 3151 903 3197 cumeorum
926 3134 1031 3195 studiis
1051 3145 1191 3212 potestat

116 3226 166 3302 qui
188 3245 304 3302 semper
324 3227 437 3303 aliquid
457 3227 624 3304 anquirunt,
637 3230 721 3305 quod
735 3240 848 3306 spectet
862 3241 892 3289 et
905 3231 1000 3290 valeat
1022 3233 1063 3292 ad
1083 3235 1156 3294 bene

115 3328 261 3400 beateque
274 3323 457 3384 vivendum?
476 3325 537 3386 sive
551 3325 625 3387 ratio
639 3327 822 3387 constantiae
836 3327 1011 3406 virtutisque
1033 3330 1157 3402 ducitur,

114 3433 165 3480 aut
185 3422 259 3480 haec
273 3440 319 3480 ars
333 3431 378 3481 est
392 3432 442 3481 aut
456 3423 537 3482 nulla
550 3423 682 3496 omnino,
703 3442 756 3500 per
776 3444 866 3500 quam
886 3444 937 3484 eas
957 3445 1153 3509 assequamqr.

116 3519 235 3576 Nullam
250 3516 348 3577 dicere
360 3537 564 3578 maxumarum
577 3539 674 3580 rerum
688 3531 781 3580 artem
795 3540 869 3592 esse,
884 3540 954 3580 cum
968 3522 1154 3584 minimarum

114 3617 178 3676 sine
192 3625 253 3675 arte
268 3615 349 3674 nulla
362 3613 407 3687 sit,
422 3614 577 3676 hominum
592 3627 636 3676 est
649 3635 752 3693 parum
766 3617 951 3678 considerate
971 3620 1153 3697 loquentium
1164 3629 1187 3682 3⁵

166 3756 193 3804 15
211 3739 329 3804 temporis
350 3739 391 3788 vel
409 3738 515 3802 tempori
536 3739 619 3798 codd.,·
640 3739 791 3804 temporibus
816 3742 938 3792 Victorius
959 3744 1001 3795 Bo
1022 3748 1061 3797 Be
1081 3749 1157 3798 Hcine

113 3823 155 3870 Lu
