2512 4192
368 1181 528 1246 LIBER
565 1181 794 1248 TERTIVS

39 1479 79 1537 11.
92 1493 269 1540 rnuouucuon.
367 1495 391 1535 1.
428 1477 572 1536 Pusmvu
587 1474 764 1552 Scipionem,
781 1477 882 1536 Marce
897 1474 946 1550 fili,
961 1494 1030 1537 eum
1045 1476 1096 1554 qui

84 1562 127 1604 me
168 1564 271 1606 Al‘h01’2
308 1569 418 1648 primus
437 1571 592 1631 Africanus
609 1573 772 1648 appellatus
789 1583 842 1645 est,
858 1572 955 1632 dicere
976 1572 1097 1632 solitum

64 1612 187 1655 Retirement
230 1623 268 1656 not

62 1662 187 1756 {³231ssng
191 1676 267 1761 §132
305 1667 419 1745 scripsit
440 1670 525 1741 Cato,
547 1667 598 1744 qui
618 1668 672 1728 fuit
694 1667 756 1729 eius
778 1669 838 1728 fere
856 1669 996 1745 aequalis,
1017 1689 1098 1728 num·

60 1765 223 1864 &1032be
231 1765 269 1856 pfe-
305 1783 392 1840 quam
412 1784 441 1823 se
459 1766 555 1824 mrbus
577 1767 694 1825 otiosum
718 1784 773 1851 erse
791 1785 878 1841 quam
900 1767 1096 1840 rumorosus,

60 1864 266 1916 otherosnecessitr·
306 1881 354 1920 nec
373 1863 469 1920 minus
491 1863 581 1922 solum
604 1881 691 1937 quam
712 1881 774 1921 cum
801 1865 877 1922 solus
899 1870 971 1923 esset.
1016 1866 1098 1941 Mag·
1128 1893 1142 1943 ⁵

60 1957 141 2017 nifica
153 1977 297 2019 verovox
310 1968 340 2020 et
354 1979 463 2037 magno
476 1958 539 2020 viro
557 1979 593 2018 ac
607 1960 739 2037 sapiente
753 1959 857 2038 digna:
878 1981 954 2038 quae
969 1963 1097 2022 declarat

59 2051 136 2112 illum
151 2067 180 2115 et
195 2055 226 2114 in
241 2055 302 2115 otio
317 2057 355 2116 de
369 2055 495 2133 negotiis
509 2056 637 2134 cogitare
651 2068 681 2117 et
695 2057 726 2116 in
735 2057 893 2118 solitudine
902 2078 1004 2119 secum
1014 2060 1097 2135 loqui
1186 2096 1189 2101 -

58 2144 181 2226 solitum,
205 2163 238 2212 ut
265 2172 363 2229 neque
386 2165 513 2214 cessaret
540 2173 684 2230 umquam
710 2166 740 2215 et
762 2154 910 2215 interdum
937 2157 1097 2233 conloquio

58 2248 170 2308 alterius
192 2269 253 2309 non
274 2261 379 2327 egeret.
423 2252 470 2310 Ita
490 2251 567 2311 duae
587 2271 642 2324 res,
665 2271 742 2328 quae
762 2254 937 2329 languorem
960 2255 1096 2313 adserunt
1211 2331 1213 2339 y

58 2346 165 2419 ceteris,
181 2345 265 2406 illum
284 2347 438 2420 acuebant,
457 2347 550 2407 otium
568 2359 599 2409 et
618 2348 756 2409 solitudo.
798 2351 917 2409 Vellem
933 2350 1019 2410 uobis
1038 2353 1096 2409 hoc
1112 2376 1141 2411 ιο

57 2439 132 2502 idem
153 2461 222 2502 vere
243 2442 342 2504 dicere
360 2442 469 2517 liceret,
484 2444 538 2505 sed
558 2445 583 2504 si
603 2444 701 2505 minus
715 2444 878 2506 imitatione
892 2457 1005 2506 tantam
1018 2447 1097 2526 inge·

57 2538 93 2597 nii
112 2539 324 2616 praestantiam
343 2540 486 2618 consequi
506 2561 672 2618 possumus,
691 2544 844 2603 voluntate
864 2554 943 2604 certe
964 2543 1095 2619 proxime

56 2635 229 2696 accedimus.
273 2637 353 2695 Nam
366 2647 396 2697 et
410 2655 428 2697 a
441 2656 472 2698 re
485 2637 605 2714 publica
621 2637 845 2716 forensibusque
866 2638 990 2717 negotiis
1007 2639 1095 2698 armis

56 2732 149 2810 impiis
169 2733 259 2810 vique
279 2734 418 2811 prohibiti
439 2734 534 2795 otium
553 2735 757 2812 persequimur
776 2746 806 2797 et
827 2736 867 2797 ob
888 2756 954 2797 earn
975 2755 1094 2797 causam

56 2830 123 2890 urbe
137 2830 240 2890 relicta
252 2850 319 2890 rura
332 2839 519 2908 peragrantes
530 2851 618 2908 saepe
632 2831 687 2891 soli
701 2851 810 2892 sumus.
855 2853 879 2892 2.
903 2833 962 2893 Sed
973 2851 1028 2891 nec
1037 2833 1095 2893 hoc
1111 2859 1136 2905 15
1166 2847 1169 2853 ⁴

56 2925 146 2986 otium
159 2947 229 2987 cum
242 2927 373 2987 Africani
387 2927 449 2987 otio
463 2947 519 2988 nec
532 2929 606 2989 haec
615 2929 745 2990 solitudo
759 2948 827 2989 cum
836 2929 886 2989 illa
896 2931 1095 3006 comparanda

55 3035 102 3082 est
146 3025 204 3085 Ille
216 3023 297 3085 enim
310 3023 499 3101 requiescens
512 3043 531 3084 a
543 3023 585 3085 rei
599 3025 735 3102 publicae
752 3025 954 3102 pulcherrimis
968 3027 1095 3086 muneri-

54 3118 106 3179 bus
117 3110 212 3180 otiu'm
226 3121 282 3181 sibi
296 3121 432 3182 sumebat
445 3121 606 3198 aliquando
620 3133 651 3182 et
665 3141 682 3182 e
695 3133 783 3183 coetu
797 3123 953 3184 hominum
962 3126 1095 3202 frequen·

54 3215 149 3293 tiaque
164 3217 313 3278 interdum
326 3229 479 3295 tamquam
498 3218 529 3277 in
542 3229 660 3295 portum
675 3239 707 3280 se
721 3218 753 3278 in
770 3220 961 3280 solitudinem
974 3220 1093 3297 recipie-

55 3313 110 3374 bat
147 3317 291 3375 Nostrum
310 3327 410 3377 autem
431 3316 526 3376 otium
547 3315 658 3394 negotii
677 3315 786 3393 inopia
806 3336 868 3377 non
888 3317 1094 3394 requiescendi
1108 3344 1139 3378 ιο

54 3409 149 3472 studio
162 3410 357 3472 constitutum
370 3422 426 3472 est.
447 3410 587 3472 Extincto
598 3410 678 3471 enim
686 3423 790 3472 senatu
800 3411 963 3490 deletisque
977 3412 1093 3473 iudiciis

53 3505 189 3582 quidest
212 3508 296 3584 quod
318 3505 442 3585 dignum
464 3506 551 3568 nobis
574 3517 625 3567 aut
649 3506 680 3566 in
704 3507 785 3568 curia
805 3519 856 3570 aut
876 3507 907 3568 in
927 3510 991 3569 foro
1008 3526 1094 3586 agere

98 3696 114 3733 a
130 3689 168 3735 ert
176 3683 219 3735 Ba
227 3683 358 3751 StHeine,
373 3685 417 3737 Lu
431 3700 488 3735 mm
498 3700 549 3734 uno
562 3685 621 3744 cod,
633 3685 708 3750 vulgae
719 3685 751 3736 sit
786 3689 796 3744 ΙΙ
832 3699 848 3752 9
864 3685 901 3737 ita
912 3686 953 3736 Ba
964 3686 1043 3737 Heiuc
1058 3686 1098 3736 Lu

53 3776 106 3813 cm
114 3762 192 3826 aa,
203 3764 289 3831 itaqu
298 3766 389 3817 orla
418 3771 434 3825 l
467 3782 499 3819 ro
513 3767 564 3819 lroc
573 3767 643 3821 idem
654 3769 738 3824 dicere
751 3772 774 3824 Z
784 3789 843 3825 cum
855 3773 952 3842 aliquot
964 3771 1035 3824 codd.

1027 3889 1042 3950 Ί
