2512 4192
110 196 165 236 100
364 177 413 235 Do
430 176 595 235 contentione
612 175 734 234 Honesti
751 179 778 233 ot
804 174 890 234 (t'tilo's
977 171 1147 255 [11111111

106 356 168 406 tam
186 342 358 420 reliquisset,
373 341 634 405 absolveret-oris
655 342 735 402 enim
753 343 942 439 pUle⁰
962 343 1069 422 reliqui
1089 365 1151 406 cor·

107 440 186 518 poris
199 438 334 500 imitandi
348 459 431 517 spem
445 438 676 528 auferebat-sic
699 459 743 517 ea,
763 458 839 516 quae
854 438 1012 500 Panaetius
1025 451 1151 519 praeter·

108 536 235 597 misisset
249 548 278 598 et
293 557 354 597 non
367 536 542 614 perfecisset,
549 548 667 614 propter
677 555 779 597 eorum
793 554 870 614 quae
884 535 1055 614 perfecisset
1069 556 1152 615 prae-

3 637 41 668 ¹¹¹·
56 631 81 670 “
110 634 248 695 stantiam
262 633 412 695 neminem
422 645 620 712 persecutum.
1124 642 1173 673 s

56 736 99 784 ΙΙΙ
424 750 467 791 11.
511 731 740 805 Quamobrem
758 732 796 792 de
815 729 926 792 iudicio
946 729 1082 793 Panaetii
1102 733 1155 794 du·
1183 753 1195 803 s

110 807 325 909 ,offeissessqssiffifisst
361 826 446 886 bitari
467 846 528 886 non
549 837 659 903 potest3
680 837 798 887 rectene
817 837 918 887 autem
937 827 1016 887 hanc
1036 827 1153 889 tertiam

109 909 323 1021 {³¹¹}ssfijssgsiss‘ffffiss
361 935 474 1001 partem
492 925 532 985 ad
549 923 765 1000 exquirendum
784 922 914 985 officium
934 923 1102 986 adiunxerit
1115 945 1155 987 an

109 1011 205 1054 ⁰⁰¹¹S¹d“
218 1011 270 1051 ‘¹¹³⁹
285 1010 321 1051 ¹³⁶·
360 1040 453 1093 secus,
467 1021 505 1081 de
521 1040 558 1080 eo
569 1023 692 1081 fortasse
703 1020 845 1098 disputari
858 1031 973 1098 potest¹
994 1023 1076 1081 Nam
1090 1021 1154 1084 sive

109 1075 172 1103 muse
185 1062 243 1101 there
258 1074 323 1101 never

110 1112 197 1202 ξζξῆὶξξ
218 1111 321 1201 iffi
358 1117 516 1176 honestum
537 1117 634 1175 solum
655 1116 768 1175 bonum
788 1126 842 1190 est,
863 1127 896 1177 ut
919 1115 1026 1177 Stoicis
1048 1119 1155 1194 placet,

109 1211 323 1304 fflffiggtstugssd
360 1212 431 1287 sive,
447 1215 527 1289 quod
542 1214 701 1274 honesturn
715 1226 768 1289 est,
779 1214 811 1275 id
825 1214 866 1275 ita
879 1235 1031 1275 summum
1042 1216 1157 1277 bonum
1171 1239 1198 1275 ιο

302 1292 309 1312 ’
360 1322 413 1385 est,
429 1313 710 1387 quemadmodum
731 1312 931 1390 Peripateticis
951 1313 1056 1375 vestris
1076 1315 1157 1376 vide·

109 1421 164 1483 tur,
184 1421 216 1471 ut
239 1409 339 1471 omnia
360 1429 397 1469 ex
418 1409 509 1467 altera
530 1418 613 1482 parte
635 1410 780 1468 collocata
802 1408 850 1469 vix
872 1407 988 1468 minimi
1009 1411 1157 1472 momenti

108 1506 200 1566 instar
219 1508 356 1580 habeant,
365 1493 570 1566 ¹dubitandum
591 1524 651 1566 non
672 1517 717 1566 est
731 1505 803 1583 quin
815 1526 979 1583 numquam
992 1508 1088 1585 possit
1101 1510 1157 1571 uti·

109 1604 174 1663 litas
197 1624 266 1663 cum
287 1606 442 1664 honestate
464 1604 655 1663 contendere.
676 1594 679 1599 ’
698 1606 805 1680 Itaque
819 1603 988 1682 accepimus
1002 1607 1156 1670 Socratem

109 1701 237 1760 execrari
259 1701 378 1761 solitum
399 1719 459 1772 eos,
473 1698 524 1775 qui
543 1698 672 1776 primurn
685 1700 760 1760 haec
774 1711 878 1761 natura
891 1703 1081 1765 cohaerentia
1095 1705 1157 1784 opi
1171 1721 1196 1772 ¹⁵

109 1797 199 1858 nione
213 1798 419 1859 distraxissent.
463 1796 521 1858 Cui
542 1797 664 1874 quidem
684 1797 726 1858 ita
744 1808 811 1858 sunt
825 1797 916 1859 Stoici
930 1799 1053 1875 assensi,
1068 1811 1102 1862 ut
1116 1813 1155 1875 et,

110 1895 257 1973 quidquid
281 1898 440 1957 honestum
463 1907 549 1968 esset,
573 1895 605 1956 id
629 1894 701 1983 utile
723 1915 787 1956 esse
812 1909 967 1958 censerent
1001 1917 1059 1959 nec
1082 1898 1156 1961 utile

109 1993 278 2069 quicquam,
301 1995 384 2070 quod
407 2012 468 2053 non
492 1995 659 2053 honestum.
691 1988 699 2063 i
706 2013 749 2051 12.
794 1994 886 2069 Quod
907 1994 932 2054 si
953 1994 979 2055 is
1001 2005 1080 2056 esset
1102 1998 1156 2056 Pa·

110 2090 232 2164 naetius,
248 2090 299 2167 qui
312 2090 448 2150 virtutem
463 2101 618 2166 propterea
636 2091 794 2150 colendam
813 2089 932 2164 diceret,
948 2094 1032 2168 quod
1046 2111 1083 2153 ea
1096 2094 1157 2154 effi·

4 2202 58 2262 tls(
101 2186 342 2283 pist-tristitae
362 2196 449 2260 esset,
463 2197 497 2245 ut
515 2185 543 2258 ii,
554 2185 605 2261 qui
624 2205 670 2245 res
684 2186 864 2262 expetendas
880 2188 927 2246 vel
940 2189 1094 2265 voluptate
1108 2191 1155 2248 vel
1168 2208 1197 2245 ιο

95 2272 276 2365 ἱίῃᾴοἰεηᾟίυ
293 2281 462 2355 metiuntur,
478 2281 579 2341 liceret
590 2281 618 2341 ei
630 2281 727 2342 dicere
739 2281 895 2342 utilitatem
908 2281 1070 2360 aliquando
1085 2303 1155 2344 cum

8 2354 62 2411 ’Ὗ
102 2381 263 2447 ⁴honestate
277 2398 413 2456 pugnare
433 2382 446 2473 'l
457 2379 516 2440 Sed
533 2397 601 2437 cum
618 2377 655 2438 sit
671 2377 704 2451 is,
716 2378 766 2454 qui
784 2377 816 2438 id
834 2379 931 2438 solum
949 2380 1064 2441 bouum
1080 2382 1156 2443 iudi·

108 2492 164 2553 cet,
186 2480 269 2556 quod
296 2480 452 2538 honestum
481 2477 526 2550 sit,
549 2495 626 2553 quae
653 2486 758 2536 autem·
778 2476 847 2536 huic
867 2490 1033 2556 repugnent
1054 2480 1155 2557 specie

108 2579 236 2655 quadam
259 2575 391 2637 utilitatis
422 2595 525 2635 eorum
552 2593 650 2650 neque
677 2574 848 2635 accessione
881 2575 1036 2638 meliorem
1063 2570 1155 2638 vitam

108 2674 170 2734 fieri
194 2692 249 2732 nec
272 2671 445 2733 decessione
466 2671 607 2749 peiorem,
623 2690 684 2731 non
703 2670 820 2732 videtur
838 2670 976 2732 debuisse
994 2673 1058 2735 eius
1070 2675 1156 2737 modi
1168 2695 1196 2744 ²5

108 2770 352 2833 deliberationem
367 2769 562 2842 introducere,
582 2767 613 2827 in
635 2787 696 2845 qua
717 2769 800 2844 quod
821 2767 892 2830 utile
913 2768 1062 2832 videretur
1084 2791 1156 2833 cum

106 2885 152 2938 eo,
181 2866 264 2940 quod
291 2866 450 2924 honestum
478 2874 530 2937 est,
560 2875 783 2941 compararetur.
843 2884 887 2940 13.
921 2866 1043 2927 Etenim
1070 2872 1156 2947 quod

106 2982 256 3022 summum
281 2962 393 3022 bonum
415 2980 434 3020 a
456 2958 560 3020 Stoicis
586 2959 701 3033 dicitur,
727 2961 983 3023 convenienter
1007 2974 1157 3028 naturae

105 3059 231 3131 vivere,
247 3058 279 3118 id
299 3057 389 3118 habet
409 3057 494 3128 hanc,
507 3068 541 3127 ut
561 3056 671 3132 opinor,
681 3056 866 3131 sententiam,
880 3077 949 3118 cum
963 3058 1073 3122 virtute
1087 3082 1158 3125 oon·

107 3174 212 3231 gruere
234 3173 357 3230 semper,
375 3164 472 3214 cetera
486 3164 595 3226 autem,
611 3172 687 3229 quae
702 3154 867 3213 secuudum
888 3165 1025 3217 naturam
1044 3172 1155 3234 essent,
1169 3181 1200 3230 30

107 3251 148 3311 ita
168 3252 272 3328 legere,
293 3250 317 3310 si
338 3269 374 3310 ea
393 3249 493 3310 virtuti
514 3268 576 3309 non
596 3260 799 3327 repugnarent
843 3252 934 3327 Quod
955 3271 1026 3314 cum
1046 3253 1090 3317 ita
1110 3256 1156 3331 sit,

108 3355 213 3424 putant
234 3346 355 3423 quidam
379 3346 456 3407 hanc
485 3345 736 3423 comparationem
764 3364 826 3406 non
849 3358 929 3410 recte
954 3347 1156 3415 introductam

108 3463 164 3503 nec
191 3443 315 3503 omnino
342 3444 381 3504 de
408 3462 445 3504 eo
468 3462 576 3520 genere
603 3441 762 3520 quicquam
783 3442 1029 3525 praecipiendum
1054 3448 1154 3515 fuisse

155 3700 170 3748 3
187 3684 259 3733 norbo
269 3692 294 3734 et
305 3700 355 3734 non
366 3684 505 3749 perfecisset
518 3702 580 3750 qnae
589 3687 678 3735 donent
688 3687 718 3736 in
730 3685 861 3737 multat
872 3686 939 3739 codd
948 3686 1153 3741 m&

107 3766 187 3816 Heiou
237 3769 247 3823 l
298 3783 314 3827 4
329 3766 454 3816 neminem
468 3775 623 3831 persecutum
637 3769 668 3817 St
682 3769 765 3818 Heine
777 3769 820 3818 Lu
832 3782 893 3819 cm
904 3766 950 3837 affl

93 3853 255 3910 persecutum
267 3848 342 3914 onlgao
376 3851 387 3908 ΙΙ
424 3861 455 3914 27
472 3849 606 3901 honestum
616 3855 680 3900 esset
693 3849 733 3899 Bo
743 3850 784 3900 Lat
794 3864 850 3899 cun
858 3848 908 3901 soe
