2512 4192
100 182 136 241 52
348 164 398 221 De
416 163 506 220 altera
519 166 608 236 porte
628 160 731 218 Decori
748 177 822 234 quae
838 159 882 217 ad
975 152 1005 237 [Ι
1019 173 1075 216 xm
1091 157 1145 230 1'44

98 349 175 406 quae
195 327 342 405 pertinent
362 329 401 387 ad
420 325 629 388 verecundiam
650 336 680 386 et
700 326 740 384 ad
763 343 866 385 eorum
887 324 1143 401 approbationem,

100 427 276 504 quibuscum
289 424 423 498 vivimus,
438 444 519 485 nunc
533 422 661 484 dicenda
674 405 861 578 sunQSma
904 422 987 483 Talis
1000 433 1048 484 est
1060 422 1147 500 igitur

126 536 314 578 Praeticallessons
350 523 424 581 ordo
438 519 590 581 actionum
603 519 776 581 adhibendu
792 564 800 593 ,
812 530 854 592 ut,
864 538 955 596 quem
968 521 1009 579 ad
1022 521 1145 581 modum

100 587 313 678 iliadelllilllll
350 620 381 678 in
395 619 528 680 oratione
542 617 699 691 constanti,
717 618 759 679 sic
772 618 804 677 in
816 616 877 679 vita
891 617 993 678 omnia
1007 616 1066 679 sint
1080 629 1146 697 apta

101 687 312 728 olrnsesnounne
352 717 358 728 .
670 714 676 726 .
732 715 737 726 .
939 714 945 726 .

100 738 313 779 asconststentrnie
350 727 426 777 rnter
448 736 479 777 se
501 727 530 776 et
552 726 776 788 convement1a3
796 724 881 792 turpe
897 735 979 774 emm
999 717 1146 792 valdeque
1172 732 1183 780 5

100 789 180 829 several
189 797 251 839 parts,
262 801 286 828 as
295 789 313 828 is
371 813 400 826 ..
503 813 510 825 .
794 812 831 824 ..
895 812 901 824 .
1095 815 1101 827 .

100 852 114 879 a
130 839 236 881 discourse
253 839 312 880 exn.
349 825 488 874 vitiosum
502 833 533 873 m
547 833 578 874 re
597 833 698 873 severa
715 833 852 873 convivio
871 814 963 890 digna
976 826 1028 875 aut
1043 816 1147 876 delica-

100 889 314 990 l'ffllffpssessssfifflss
351 919 413 969 tum
427 910 555 986 aliquem
570 907 674 969 inferre
692 927 866 969 sermonem.
910 910 993 969 Bene
1012 909 1146 978 Pericles,

126 1045 314 1097 Proprietyofdis·
352 1026 421 1065 curn
441 1005 563 1065 haberet
583 1005 729 1081 collegam
750 1004 782 1065 in
805 1014 943 1081 praetura
967 1006 1146 1082 Sophoclem

100 1096 312 1189 ἓῗῗὲἰξξξῑξζζξίξζ
350 1104 431 1181 iique
451 1104 490 1163 de
510 1101 663 1163 communi
681 1100 780 1163 officio
797 1100 1007 1162 convenissent
1028 1113 1058 1162 et
1079 1122 1146 1162 casu

101 1207 238 1239 mmmm·
352 1202 498 1259 formosus
512 1217 585 1274 puer
604 1195 775 1273 praeteriret
789 1194 970 1272 dixissetque
984 1198 1147 1274 Sophocles
1161 1217 1185 1252 ιο

103 1296 148 1355 ‘O
175 1313 300 1371 puerum
327 1293 492 1370 pulchrum,
522 1289 634 1352 Pericle
648 1292 666 1349 l'
709 1292 762 1349 ‘At
789 1289 870 1350 enim
896 1300 1074 1366 praetorem,
1099 1293 1148 1352 So

101 1391 217 1466 phocle,
236 1392 324 1450 decet
344 1407 406 1448 non
426 1388 523 1447 solum
543 1405 648 1447 manus
669 1385 829 1448 sedetiam
845 1386 949 1446 oculos
965 1386 1147 1448 abstinentes

100 1486 226 1547 habere?
268 1489 369 1561 Atque
396 1486 454 1545 hoc
481 1483 562 1545 idem
590 1484 753 1559 Sophocles
781 1481 806 1542 si
830 1481 862 1543 in
886 1483 1064 1543 athletarum
1085 1505 1147 1562 pro

101 1583 219 1642 batione
241 1582 371 1653 dixisset,
386 1580 463 1641 iusta
478 1580 706 1657 reprehensione
727 1579 875 1641 caruisset.
918 1583 1019 1640 Tanta
1039 1581 1084 1642 vis
1105 1592 1147 1642 est

101 1689 131 1739 et
158 1679 216 1739 loci
245 1690 274 1740 et
301 1677 450 1755 temporis.
494 1679 538 1739 Ut
565 1675 590 1736 si
617 1675 676 1752 qui,
705 1695 774 1735 curn
801 1696 921 1736 causam
954 1677 992 1737 sit
1020 1689 1145 1751 acturus,
1160 1691 1183 1741 ¹5

101 1775 132 1833 in
153 1774 256 1836 itinere
280 1785 330 1834 aut
354 1761 386 1833 in
413 1772 615 1834 ambulatione
640 1792 741 1833 secum
768 1772 831 1850 ipse
858 1772 1020 1834 meditetur
1047 1784 1098 1835 aut
1124 1774 1147 1834 si

103 1871 175 1947 quid
196 1871 276 1931 aliud
295 1869 435 1932 attentius
456 1868 573 1946 cogitet,
596 1889 657 1928 non
677 1871 915 1945 reprehendatur,
937 1879 968 1930 at
988 1871 1050 1931 hoc
1068 1871 1147 1933 idem

103 1967 127 2026 si
151 1967 182 2026 in
207 1966 342 2028 convivio
369 1965 465 2039 saciat,
492 1966 670 2026 inhumanus
696 1965 831 2026 videatur
856 1965 974 2026 inscitia
996 1967 1145 2045 temporis

106 2081 170 2141 145.
211 2065 269 2124 Sed
284 2082 410 2140 eaquae
424 2063 551 2124 multum
565 2063 602 2125 ab
621 2062 803 2123 humanitate
818 2063 995 2140 discrepant,
1011 2076 1045 2125 ut
1059 2065 1146 2141 siqui

102 2160 131 2220 in
160 2163 224 2221 foro
248 2170 347 2219 cantet
369 2170 421 2220 aut
448 2158 473 2221 si
497 2178 557 2236 qua
580 2169 624 2219 est
648 2158 705 2218 alia
726 2179 835 2236 magna
857 2160 1041 2236 perversitas
1062 2163 1145 2224 facile
1157 2179 1184 2215 ²0

101 2269 221 2334 apparet
254 2275 311 2316 nec
346 2275 453 2332 magno
478 2274 568 2332 opere
595 2255 829 2316 admonitionem
857 2266 887 2316 et
912 2269 1072 2335 praecepta
1099 2260 1146 2320 de·

127 2386 313 2427 L„„„,„,„d,d
351 2351 477 2415 siderat:
527 2371 603 2428 quae
625 2363 725 2412 autem
745 2371 835 2428 parva
854 2352 992 2413 videntur
1012 2373 1078 2416 esse
1099 2358 1146 2417 de-

102 2437 312 2478 b“²⁰¹¹⁶⁵⁰ls’⁶⁰⁰‘
351 2448 421 2508 licta
440 2465 538 2535 neque
563 2468 581 2508 a
605 2449 705 2509 multis
729 2449 859 2527 intellegi
883 2463 1017 2526 possunt,
1039 2455 1079 2514 ab
1111 2453 1144 2516 iis

101 2501 147 2528 rurn
168 2496 223 2528 most
244 2496 265 2528 to
287 2487 313 2527 be

100 2539 196 2589 guarna
224 2538 314 2588 against*
353 2555 397 2604 est
418 2544 585 2622 diligentius
604 2545 821 2606 declinandum.
864 2548 909 2607 Ut
926 2546 958 2606 in
972 2549 1082 2611 fidibus
1095 2562 1144 2612 aut

139 2589 152 2628 ll
188 2604 197 2628 r
220 2589 292 2628 intro

100 2589 315 2691 halmlslyalssomuslll·
353 2640 441 2714 tibiis,
464 2641 598 2718 quamvis
617 2643 738 2719 paulum
758 2642 936 2720 discrepent,
957 2655 1060 2706 tamen
1080 2646 1113 2707 id
1127 2665 1181 2712 aas

101 2739 212 2800 sciente
237 2737 432 2799 animadverti
452 2739 536 2811 solet,
558 2737 602 2798 sic
624 2738 787 2801 videndum
811 2751 856 2800 est
880 2739 911 2799 in
931 2739 992 2800 vita
1012 2761 1052 2803 ne
1071 2745 1144 2804 forte

101 2834 174 2910 quid
195 2834 349 2910 discrepet,
361 2836 418 2916 ⁷vel
446 2835 540 2895 multo
561 2833 651 2894 etiarn
671 2835 773 2912 magis,
796 2855 856 2912 quo
876 2836 971 2897 maior
991 2850 1021 2899 et
1042 2841 1144 2901 melior

25 2944 86 2993 XLI
101 2929 250 2991 actionum
273 2949 362 3006 quam
383 2949 524 2992 sonorum
545 2942 708 2991 concentus
729 2943 781 2992 est.
827 2935 891 3006 146.
923 2936 1039 3012 Itaque,
1061 2937 1143 2997 utin

100 3028 208 3087 fidibus
227 3026 406 3087 musicorum
423 3046 509 3089 aures
527 3028 574 3087 vel
593 3027 715 3087 minima
734 3029 872 3104 sentiunt,
889 3030 931 3090 sic
945 3051 1011 3108 nos,
1026 3034 1143 3096 siacres

100 3141 135 3182 ac
156 3122 312 3198 diligentes
337 3143 401 3185 esse
425 3124 562 3185 volumus
585 3123 837 3188 animadversores
860 3126 1008 3202 vitiorum,
1037 3150 1142 3210 magna
1154 3151 1181 3200 30

99 3235 190 3293 saepe
217 3216 422 3294 intellegemus
450 3239 486 3280 ex
508 3220 613 3297 parvis.
657 3225 702 3282 Ex
725 3225 878 3284 oculomm
902 3235 1018 3301 optutu,
1044 3242 1143 3303 super-

99 3309 230 3372 ciliorum
248 3323 300 3374 aut
315 3312 488 3375 remissione
501 3327 551 3376 aut
565 3315 775 3392 contractione,
794 3338 831 3378 ex
844 3317 992 3379 maestitia
1007 3338 1046 3379 ex
1068 3319 1139 3380 hila·

99 3406 185 3468 ritate
202 3428 239 3469 ex
257 3406 324 3483 risu,
342 3427 380 3469 ex
396 3407 546 3472 locutione
563 3429 602 3471 ex
618 3409 779 3487 reticentia,
797 3431 835 3472 ex
852 3411 1046 3474 contentione
1063 3411 1144 3474 vocis

100 3526 137 3566 ex
157 3503 361 3580 submissione,
385 3525 422 3566 ex
442 3504 545 3569 ceteris
566 3507 708 3570 similibus
732 3508 818 3570 facile
841 3508 1048 3585 iudicabimus,
1072 3510 1144 3584 quid

145 3652 174 3701 ¹3
190 3636 254 3686 mole
267 3636 337 3701 atqui
347 3635 428 3684 Helue
436 3641 520 3684 contra
529 3636 594 3687 codd.
633 3641 643 3696 ll
679 3652 708 3686 ar
721 3638 981 3701 apparet-desiderat
991 3638 1074 3688 Heine
1082 3653 1138 3688 cum

93 3714 168 3775 codd,
181 3713 254 3776 vulgo
263 3711 563 3777 apparent-desiderant.
601 3717 612 3772 ΙΙ
648 3729 680 3778 30
695 3714 954 3780 animadversoresque
969 3717 1046 3778 codd,
1061 3716 1139 3766 anim-

95 3796 237 3844 adversores
253 3795 290 3844 Or
299 3793 383 3844 Heine
391 3794 439 3854 Lu,
454 3800 604 3857 spectatores
614 3794 873 3861 animadversoresque
884 3797 1000 3847 Klotzim
