2512 4192
53 561 73 610 ll

83 200 131 260 111
144 216 229 260 xvm
244 195 296 280 75]
336 200 387 258 Do
404 198 573 258 contentione
593 199 719 258 Honesti
734 205 763 257 ot
787 200 875 260 (totth
1070 221 1124 261 ror

83 366 208 443 quisque
228 363 397 442 reperietur,
414 364 464 440 qui
478 363 643 441 inpunitate
657 376 687 425 et
707 365 893 442 ignoratione
913 365 1048 427 omnium
1060 385 1127 445 pro

83 462 178 540 posita
190 462 341 522 abstinere
354 461 448 538 possit
461 460 584 521 iniuria?
899 463 902 469 '

394 575 440 633 73.
483 557 695 630 Periclitemur,
710 559 735 618 si
748 561 854 637 placet,
868 570 898 620 et
911 559 942 620 in
956 559 991 621 iis
1005 560 1126 638 quidem

83 648 296 741 ,Tffiffiffi
332 653 484 731 exemplis,
508 653 540 712 in
568 654 674 730 quibus
700 655 816 732 peccari
842 658 945 734 volgus
972 657 1126 717 hominum

82 749 114 841 g
147 749 223 839 'si‘hss
259 749 296 808 ΞΜ
333 753 454 812 fortasse
481 770 543 810 non
569 761 659 826 putet.
708 751 816 826 Neque
844 751 924 811 enim
952 752 990 811 de
1018 751 1126 812 sicariis
1156 776 1170 824 5

82 813 162 890 mffio
179 813 193 840 a
220 809 296 839 reallse

83 849 297 941 dalsffigghffel}
332 847 479 921 veneficis
509 847 748 907 testamentariis·
768 846 877 908 furibus
911 851 1126 926 peculatoribus

83 949 298 1050 {gffM‘gss’fgffffigg
334 947 393 1006 hoc
413 947 481 1006 loco
504 946 707 1006 disserendum
725 956 777 1020 est,
798 946 849 1023 qui
865 966 926 1006 non
944 947 1040 1008 verbis
1059 960 1127 1009 sunt

84 1050 222 1152 ghffihia
230 1050 296 1092 socie·
335 1054 365 1104 et
392 1041 591 1119 disputatione
618 1042 862 1120 philosophorum
889 1044 944 1104 sed
966 1043 1069 1104 vinclis
1096 1057 1126 1106 et

85 1151 250 1252 1300&qu
262 1148 302 1240 tpes
335 1160 450 1201 carcere
471 1140 621 1217 fatigandi,
638 1142 692 1202 sed
711 1142 785 1200 haec
806 1140 1033 1216 consideremus,
1050 1161 1126 1218 quae

84 1251 177 1292 oasin
198 1251 228 1292 or
246 1251 301 1292 Mo·
336 1237 793 1314 faciuntiiquihabenturboni.
837 1241 870 1298 L
887 1238 1014 1298 Minucii
1028 1240 1124 1314 Basili,
1142 1265 1171 1300 10

84 1314 297 1410 ”il'goqamanwm
334 1335 487 1412 locupletis
501 1335 638 1409 hominis,
653 1337 758 1394 salsum
776 1345 985 1396 testamentum
1006 1337 1126 1413 quidam
1188 1400 1192 1407 ,

84 1401 300 1492 lilalilss‘hilll
334 1429 494 1492 eGraecia
512 1431 642 1489 Romam
663 1431 829 1491 attulerunt
872 1433 964 1507 Quod
982 1452 1042 1509 quo
1059 1434 1127 1493 faci-

84 1513 105 1544 n.
128 1513 228 1543 crassos
254 1500 296 1542 and
346 1528 352 1539 .
471 1526 477 1538 .
662 1526 668 1538 .

83 1563 296 1600 anonaenswsa.
333 1530 389 1589 hus
417 1527 591 1600 obtrnerent,
614 1538 790 1603 scnpserunt
811 1529 935 1590 heredes
957 1549 1057 1591 secum
1080 1533 1123 1592 M.

83 1601 129 1643 bout
139 1603 176 1643 the
185 1602 228 1642 will
239 1601 263 1642 of
274 1613 295 1642 ι..
747 1624 753 1636 .
911 1626 917 1638 .
1012 1628 1018 1640 ,

83 1663 294 1694 atrocissimus
335 1627 474 1686 Crassum
497 1635 528 1684 et
549 1625 585 1699 Q.
612 1627 815 1699 Hortensium,
836 1627 972 1688 hommes
992 1629 1125 1688 eiusdem

332 1720 435 1780 aetatis
449 1719 681 1797 potentissimos:
702 1721 754 1796 qui
774 1741 842 1781 cum
855 1721 929 1782 illud
942 1723 1046 1783 falsum
1061 1743 1125 1785 esse
1141 1737 1168 1788 15

82 1819 305 1897 suspicarentur,
328 1817 383 1878 sibi
403 1829 502 1878 autem
523 1817 631 1877 nullius
652 1829 751 1878 essent
771 1818 882 1878 conscii
903 1821 1015 1896 culpae,
1037 1821 1125 1881 alieni

81 1916 218 1977 facinoris
243 1916 448 1975 munusculum
471 1934 533 1974 non
556 1913 789 1991 repudiaverunt
841 1914 923 1989 Quid
944 1919 1030 1994 ergo?
1050 1917 1125 1977 satin

82 2026 125 2074 est
144 2016 215 2087 hoc,
235 2023 268 2072 ut
282 2031 343 2071 non
358 2011 517 2087 deliquisse
530 2010 701 2071 videantur?
736 2011 813 2070 Mihi
827 2012 948 2088 quidem
969 2033 1030 2075 non
1045 2014 1126 2076 vide·

81 2123 136 2185 tur,
157 2130 340 2189 quamquam
359 2112 482 2170 alterum
501 2110 600 2170 vivum
621 2109 725 2184 amavi,
745 2112 868 2170 alterum
890 2101 953 2172 non
975 2112 1027 2172 odi
1049 2132 1139 2187 mor·⁴

81 2219 172 2268 tuum
223 2223 269 2282 74
311 2208 371 2267 Sed
390 2225 459 2265 cum
481 2206 595 2266 Basilus
618 2208 660 2265 M.
682 2205 809 2266 Satrium
834 2207 939 2268 sororis
959 2207 1052 2268 filium
1072 2229 1124 2269 no·
1138 2232 1170 2267 20

80 2324 150 2366 men
177 2324 265 2364 suum
292 2306 365 2364 serre
390 2304 530 2364 voluisset
563 2323 690 2380 eumque
724 2303 841 2364 iecisset
866 2305 1125 2376 heredem-hunc

80 2403 149 2463 dico
168 2413 328 2482 patronum
347 2401 407 2478 agri
426 2400 528 2460 Piceni
546 2411 577 2460 et
595 2399 705 2474 Sabini,
724 2419 743 2460 o
761 2413 877 2477 turpem
893 2413 994 2463 notam
1013 2413 1125 2480 tempo

79 2503 208 2572 mm!-,
240 2516 302 2557 non
329 2508 391 2557 erat
417 2515 545 2573 aequum
571 2496 718 2574 principes
746 2496 824 2558 cives
850 2516 913 2557 rem
940 2499 1057 2573 habere,
1085 2501 1125 2560 ad

80 2597 208 2659 Satrium
234 2596 450 2672 nihilpraeter
477 2615 587 2656 nomen
613 2596 772 2672 pervenire
822 2596 941 2656 Etenim
969 2597 994 2657 si
1016 2597 1049 2671 is,
1073 2599 1124 2673 qui

332 2714 394 2755 non
421 2694 556 2756 defendit
582 2695 717 2754 iniuriam
744 2714 841 2771 neque
868 2697 1027 2772 propulsat,
1056 2716 1122 2756 cum
1136 2725 1167 2775 25

79 2771 158 2873 ἐξ
175 2784 296 2862 ῗζηωὲξξ
333 2803 438 2868 potest,
454 2791 561 2852 iniuste
581 2791 658 2865 facit,
677 2802 710 2851 ut
730 2790 761 2851 in
781 2791 876 2868 primo
896 2791 971 2853 libro
991 2793 1122 2868 disserui,

80 2872 296 2973 ffissgflssffjggyoss
333 2887 428 2964 qualis
461 2887 687 2948 habendusest
712 2886 746 2960 is,
775 2885 827 2962 qui
849 2905 911 2945 non
937 2888 1029 2948 modo
1063 2907 1124 2949 non

80 2972 299 3074 fflfffiffieffc}
332 2983 454 3061 repellit,
483 2985 538 3044 sed
564 2983 654 3045 etiam
681 2983 800 3044 adiuvat
833 2983 993 3045 iniuriam?
1047 2984 1124 3046 Mihi

80 3072 296 3173 ffi'ss‘jsflssfifffi
334 3082 454 3156 quidem
476 3081 565 3141 etiam
588 3100 673 3141 verae
694 3079 871 3140 hereditates
897 3101 959 3140 non
982 3082 1124 3144 honestae

90 3173 220 3267 ffih‘jgff‘lt
230 3173 297 3225 fissht·
319 3173 476 3246 irridentur,
493 3172 518 3232 si
536 3184 603 3233 sunt
622 3171 775 3233 malitiosis
788 3171 945 3246 blanditiis,
961 3173 1122 3235 officiorum
1137 3199 1169 3251 30

332 3288 394 3329 non
411 3268 540 3342 veritate,
555 3269 609 3329 sed
627 3268 811 3328 simulatione
832 3269 990 3344 quaesitae.
1031 3271 1125 3348 Atqui

80 3364 114 3426 in
136 3365 244 3427 talibus
269 3367 357 3427 rebus
381 3365 462 3426 aliud
485 3365 556 3425 utile
576 3365 732 3439 interdum,
755 3365 835 3426 aliud
855 3367 1013 3427 honestum
1031 3367 1124 3428 videri

81 3464 165 3524 solet
208 3477 255 3541 75.
288 3465 389 3538 Falso,
417 3481 487 3522 nam
511 3463 617 3522 eadem
640 3461 772 3524 utilitatis
796 3482 871 3540 quae
898 3464 1059 3528 honestatis
1079 3477 1124 3528 est

132 3650 163 3685 aa
188 3649 208 3690 ,ο
225 3639 323 3698 turpem
340 3639 426 3683 notam
445 3638 585 3696 temporum
607 3647 699 3682 nomen
720 3631 819 3680 illorum
837 3630 918 3692 codal,·
939 3633 1011 3682 verbo
1032 3649 1122 3685 nomen

81 3713 330 3765 illommddstm
339 3715 442 3778 Lupost
458 3713 589 3761 Victoriam
635 3716 644 3769 ll
682 3727 712 3775 23
734 3728 784 3761 non
795 3728 826 3761 ox
834 3714 899 3762 codd.
911 3714 952 3762 Ba
962 3715 998 3772 St,
1014 3730 1074 3764 num
1088 3718 1125 3768 Or

80 3792 120 3845 Be
151 3796 164 3853 1
199 3808 232 3857 25
247 3792 466 3859 propulsarasuis
477 3791 509 3841 St
518 3807 574 3841 cum
588 3791 663 3853 codd,
681 3792 756 3842 asnis
767 3808 814 3841 om.
829 3793 916 3843 OrBa
927 3793 1007 3842 Heine
1016 3795 1058 3844 Lu
1067 3811 1124 3846 cunr

80 3868 319 3943 «νωθὴς.
560 3898 561 3903 1
