2512 4192
82 170 97 228 Ι
112 185 241 227 xxxvm
261 165 328 247 137]
403 175 547 227 externam
567 170 677 244 speciem
692 172 819 245 pertr'nct
1095 193 1133 247 49

335 340 421 399 rebus
442 351 505 398 tum
525 339 556 398 in
577 359 713 399 sermone
734 341 885 401 communi
901 342 1132 404 vicissitudinem

335 456 397 496 non
411 435 542 511 iniquam
557 447 648 512 putet.
691 438 738 495 Ac
747 437 846 497 videat
874 439 1013 516 inprimis,
1027 440 1132 516 quibus

82 538 121 597 de
142 538 231 597 rebus
252 538 406 611 loquatur:
434 531 459 592 si
480 531 569 604 seriis,
592 531 776 591 severitatem
797 532 945 607 adhibeat,
968 534 992 594 si
1015 535 1130 610 iocosis,

82 634 224 709 leporem.
309 628 506 705 Inprimisque
526 628 679 704 provideat
700 649 738 688 ne
759 648 854 688 sermo
881 629 984 689 vitium
1012 631 1132 707 aliquod

81 729 197 789 indicet
216 727 312 787 inesse
332 726 364 785 in
384 726 532 786 moribus:
560 727 643 802 quod
666 746 803 787 maxume
827 739 890 787 tum
911 731 985 788 solet
1006 730 1130 803 evenire,
1161 746 1174 795 5

81 846 152 885 cum
167 824 299 884 studiose
313 824 353 882 de
364 821 535 882 absentibus
549 822 724 882 detrahendi
738 842 825 882 causa
839 835 890 883 aut
905 843 957 900 per
976 824 1130 884 ridiculum

82 934 134 983 aut
156 942 265 995 severe,
280 921 423 980 maledice
444 911 715 996 contumelioseque
729 907 887 1001 dicitur.)(
902 938 965 998 135.
1010 925 1131 984 Haben-

335 1028 382 1077 tur
395 1027 494 1076 autem
507 1018 679 1093 plerumque
694 1037 843 1078 sermones
864 1029 914 1078 aut
933 1020 971 1078 de
992 1020 1129 1080 domesti-

336 1115 378 1174 cis
404 1113 529 1190 negotiis
556 1124 607 1173 aut
634 1115 672 1174 de
699 1134 730 1174 re
757 1115 875 1191 publica
895 1127 944 1176 aut
966 1118 1003 1177 de
1024 1117 1129 1177 artium

73 1211 189 1273 'studiis
211 1222 300 1288 atque
324 1209 466 1271 doctrina.
510 1211 620 1268 Danda
641 1209 727 1285 igitur
749 1230 839 1286 opera
860 1222 905 1271 est
928 1222 967 1284 ut,
992 1212 1080 1271 etiam
1104 1214 1128 1272 si
1146 1231 1173 1263 10

58 1347 60 1350 -
82 1312 217 1371 aberrare
241 1310 282 1368 ad
303 1307 360 1367 alia
381 1304 519 1382 coeperit,
544 1307 584 1365 ad
610 1307 684 1366 haec
708 1319 861 1367 revocetur
885 1308 985 1381 oratio,
1009 1312 1062 1370 sed
1086 1323 1128 1370 ut-

82 1426 212 1485 cumque
236 1408 379 1477 aderunt3
394 1397 504 1479 'neque
532 1403 612 1462 enim
640 1423 745 1463 omnes
772 1404 868 1464 isdem
892 1407 930 1465 de
957 1406 1044 1465 rebus
1072 1427 1127 1467 nec

82 1503 166 1563 omni
187 1514 321 1579 tempore
346 1519 404 1560 nec
431 1499 563 1559 similiter
591 1501 780 1559 delectamur.
823 1501 1127 1562 Animadvertendum

82 1611 127 1661 est
140 1599 241 1672 etiam,
263 1609 408 1675 quatenus
427 1615 524 1656 senno
542 1596 771 1655 delectationem
792 1598 908 1671 habeat,
928 1608 958 1658 et
977 1610 1009 1657 ut
1027 1599 1128 1676 incipi-

10 1700 71 1750 [VIII
82 1697 153 1757 endi
181 1695 256 1755 ratio
280 1693 375 1766 suerit,
401 1692 443 1751 ita
470 1692 507 1751 sit
537 1691 693 1752 desinendi
718 1695 833 1753 modus.
879 1697 943 1769 136.
986 1697 1045 1756 Sed
1066 1716 1126 1773 quo
1144 1713 1169 1760 ¹5

105 1822 239 1873 Allpmio,
252 1821 295 1861 „d
332 1791 424 1849 modo
452 1788 483 1847 in
511 1789 593 1848 omni
616 1789 677 1848 vita
700 1789 862 1849 rectissime
890 1791 1067 1868 praecipitur
1094 1806 1127 1854 ut

81 1873 295 1970 ffi,{}‘d⁶‡{fi¹232¹,}
332 1884 565 1963 perturbationes
593 1884 748 1960 fugiamus
765 1885 809 1953 >id
839 1899 883 1946 est
911 1899 1008 1948 motus
1035 1889 1126 1948 animi

81 406 109 447 its
117 418 235 456 manner,

82 1084 110 1124 its
119 1091 222 1124 matter.

80 1974 189 2064 {fflinss
201 1973 295 2061 ¹0⁹¹⁰⁰sf
333 1979 440 2040 nimios
454 1979 561 2039 rationi
575 1996 636 2039 non
648 1992 893 2057 optemperantes
917 1983 1031 2044 siccius
1043 1985 1125 2045 modi

129 2024 158 2064 all
171 2036 284 2074 persona

80 2074 295 2174 3333&ssssss
332 2078 461 2138 motibus
477 2097 574 2138 sermo
594 2079 683 2138 debet
701 2098 814 2153 vacare,
833 2099 872 2140 ne
891 2093 940 2140 aut
958 2081 1001 2141 ira
1021 2083 1125 2142 existat

80 2174 295 2275 {seeffieffdagptffi
332 2186 383 2235 aut
403 2175 548 2252 cupiditas
567 2175 674 2252 aliqua,
681 2186 731 2236 aut
750 2177 866 2253 pigritia
882 2189 932 2237 aut
946 2178 1062 2255 ignavia
1075 2192 1125 2240 aut
1139 2198 1169 2230 20

80 2275 294 2384 ffigffifflnthss
332 2275 390 2333 tale
404 2271 516 2347 aliquid
527 2282 672 2347 appareat,
709 2272 894 2349 maximeque
905 2275 1070 2333 curandum
1081 2286 1125 2334 est

80 2375 197 2427 aaudiat
335 2379 367 2428 ut
381 2387 441 2440 eos,
452 2367 629 2444 quibuscum
643 2386 810 2428 sermonem
824 2372 1018 2444 conferemus,
1034 2381 1064 2430 et
1077 2391 1125 2431 ve·

80 2468 135 2528 reri
149 2478 180 2527 et
194 2466 315 2542 diligere
329 2465 490 2525 videamur.
534 2463 762 2540 Obiurgationes
776 2465 866 2525 etiam
882 2486 944 2526 non
963 2487 1125 2544 numquam

80 2564 218 2624 incidunt
238 2562 428 2636 necessariae,
448 2561 479 2620 in
503 2559 611 2637 quibus
630 2563 774 2621 utendum
797 2573 841 2623 est
857 2564 979 2624 fortasse
996 2574 1026 2623 et
1043 2565 1124 2624 vocis

79 2659 271 2721 contentione
299 2659 409 2718 maiore
437 2669 467 2717 et
490 2659 648 2718 verborum
671 2658 812 2735 gravitate
834 2659 962 2734 acriore3
983 2659 1014 2720 id
1039 2679 1123 2737 agen·
1137 2682 1167 2730 ²5

77 2760 150 2818 dum
165 2757 260 2826 etiam,
269 2767 302 2816 ut
316 2776 353 2815 ea
366 2758 463 2815 facere
476 2752 629 2815 videamur
647 2754 719 2813 irati.
762 2757 821 2815 Sed
835 2766 868 2815 ut
882 2757 920 2815 ad
934 2758 1079 2815 urendum
1094 2770 1123 2818 et

77 2855 249 2926 secandum,
272 2853 315 2912 sic
337 2853 456 2912 adhoc
476 2870 570 2927 genus
595 2850 758 2928 castigandi
779 2871 844 2911 raro
864 2851 1007 2928 invitique
1028 2854 1123 2914 venie-

76 2971 152 3024 mus,
180 2969 239 3009 nec
265 2968 408 3026 umquam
434 2946 492 3007 nisi
517 2947 692 3020 necessario,
719 2947 743 3007 si
770 2949 852 3007 nulla
879 2948 1039 3024 reperietur
1066 2951 1123 3010 alia

76 3046 244 3107 medicina:
268 3047 322 3105 sed
345 3055 446 3104 tamen
467 3043 510 3102 ira
533 3046 636 3119 procul
660 3043 744 3116 absit,
774 3064 844 3103 cum
866 3064 925 3121 qua
948 3047 1021 3104 nihil
1043 3058 1121 3108 recte

75 3145 146 3219 fieri,
168 3144 242 3204 nihil
262 3141 446 3203 considerate
466 3151 571 3218 potest
618 3159 682 3216 137.
727 3143 867 3218 Magnam
888 3152 988 3202 autem
1008 3156 1121 3220 partem
1135 3166 1165 3214 30

76 3241 217 3303 clementi
234 3238 427 3315 castigatione
444 3237 514 3297 licet
532 3236 584 3310 uti,
598 3237 741 3314 gravitate
760 3249 860 3297 tamen
877 3238 1025 3313 adiuncta,
1040 3253 1073 3300 ut
1092 3254 1121 3301 et

75 3338 214 3400 severitas
241 3336 416 3397 adhibeatur
443 3345 475 3394 et
499 3333 680 3394 contumelia
703 3336 867 3410 repellatur.
910 3338 1011 3413 Atque
1031 3337 1120 3396 etiam

76 3436 149 3496 illud
170 3433 278 3511 ipsum,
298 3431 380 3509 quod
402 3423 568 3492 acerbitatis
591 3431 682 3490 habet
700 3423 1119 3508 obiurgatio,'significandum

77 3543 122 3593 est
141 3531 234 3608 ipsius
253 3529 286 3590 id
306 3547 404 3600 causa,
426 3526 478 3603 qui
498 3525 674 3604 obiurgetur,
693 3547 757 3587 esse
775 3538 950 3605 susceptum.
990 3521 1119 3590 Rect‘um

76 3640 120 3689 est
140 3638 242 3688 autem
262 3625 352 3686 etiam
372 3624 404 3684 in
423 3623 480 3684 illis
500 3623 749 3697 contentionibus,
771 3643 848 3701 quae
869 3644 938 3682 cum
958 3624 1119 3686 inimicissi-
1133 3643 1162 3695 35

123 3788 151 3837 ¹3
168 3773 320 3822 delectantur
340 3772 368 3820 C.
386 3771 481 3820 Scheibe
515 3773 524 3827 ΙΙ
565 3784 597 3832 3ο
614 3779 807 3836 magna—parte
823 3771 888 3821 codd.
906 3773 1122 3830 comminitans

74 3857 85 3912 Ι
105 3868 133 3916 32
145 3862 173 3903 ut
182 3853 298 3903 severitas
306 3853 350 3900 Ba
380 3856 395 3910 ll
427 3865 458 3914 34
470 3851 497 3900 id
507 3853 536 3904 in
547 3853 643 3921 aliquot
650 3855 715 3907 cauli.
729 3856 847 3907 antissam
859 3855 956 3907 seclusit
970 3856 1011 3905 Ba

134 3963 190 4005 cic,
205 3950 244 4004 (a
255 3949 318 4022 Off
1062 3975 1081 4029 Δ(
