2512 4192
56 177 88 236 ΙΙ
103 193 138 235 rv
154 173 205 256 15]
517 178 568 236 De
585 178 653 234 utr'li
1069 171 1106 246 65

53 339 272 432 ffisssffldwffigfi
309 342 441 402 inanima
454 341 590 415 diximus,
605 343 745 419 pleraque
759 351 827 401 sunt
841 338 997 401 hominum
1011 336 1107 418 operis

55 440 137 532 ἓξὲξ
150 440 214 483 ‘¹⁰¹¹‘
231 455 272 483 <²¹²
310 443 423 513 effecta,
438 458 515 516 quae
535 459 592 498 nec
612 439 796 512 haberemus,
811 436 868 497 nisi
888 456 994 496 manus
1012 445 1043 496 et
1061 454 1108 496 ars

135 520 141 532 ’
309 537 488 610 accessisset,
500 557 557 596 nec
567 537 602 596 iis
613 537 676 597 sine
687 536 843 597 hominum
853 533 1107 596 administratione

56 644 214 696 uteremur.
257 636 365 711 Neque
390 633 470 694 enim
493 633 669 694 valetudinis
696 633 809 692 curatio
836 652 934 709 neque
960 629 1107 709 navigatio

56 751 155 809 neque
174 730 236 809 agri
253 732 368 791 cultura
385 750 482 808 neque
501 733 616 808 frugum
630 731 837 806 fructuumque
850 729 1030 805 reliquorum
1044 746 1108 805 per·
1136 747 1151 796 ⁵

56 827 155 905 ceptio
176 838 208 888 et
228 826 413 887 conservatio
434 827 498 887 sine
517 826 673 886 hominum
692 845 782 902 opera
799 827 860 884 ulla
875 844 940 886 esse
953 824 1105 901 potuisset

60 944 103 1001 13.
148 926 216 983 Iam
230 943 300 984 vero
318 934 349 983 et
364 943 466 983 earum
480 943 583 999 rerum,
591 923 699 1000 quibus
713 923 936 994 abundaremus,
944 919 1107 997 exportatio

57 1031 86 1082 et
105 1040 218 1095 earum,
231 1020 338 1095 quibus
358 1039 519 1097 egeremus,
531 1019 660 1079 invectio
681 1029 760 1079 certe
781 1020 863 1078 nulla
883 1027 969 1091 esset,
984 1016 1041 1076 nisi
1062 1015 1108 1076 his

58 1116 230 1177 muneribus
239 1115 376 1175 homines
385 1118 581 1192 fungerentur.
614 1116 787 1191 Eademque
797 1114 910 1174 ratione
924 1133 981 1173 nec
994 1112 1109 1190 lapides

58 1219 166 1270 eterra
183 1207 388 1268 exciderentur
405 1208 445 1266 ad
464 1227 551 1267 usum
572 1218 706 1267 nostrum
725 1205 890 1282 necessarii,
902 1225 960 1266 nec
980 1207 1108 1265 ferrum
1123 1229 1152 1264 10

60 1323 117 1364 aes
148 1323 270 1362 aurum
294 1314 475 1380 argentum
501 1304 678 1363 effoderetur
718 1300 837 1378 penitus
874 1299 1009 1359 abditum
1045 1300 1108 1361 sine

21 1403 52 1453 IV
61 1399 219 1461 hominum
239 1400 339 1459 labore
359 1409 391 1458 et
410 1418 509 1459 manu.
550 1401 646 1459 Tecta
657 1418 734 1471 vem,
742 1399 848 1476 quibus
864 1410 894 1458 et
912 1398 1051 1476 frigorum
1065 1397 1109 1457 vis

60 1499 218 1574 pelleretur
244 1506 275 1555 et
301 1497 433 1554 calorum
460 1495 612 1556 molestiae
640 1496 818 1571 sedarentur,
843 1497 924 1555 unde
951 1506 1002 1554 aut
1025 1494 1109 1554 initio

60 1593 160 1672 generi
181 1594 313 1652 humano
334 1591 397 1651 dari
415 1591 581 1668 potuissent
599 1602 649 1651 aut
670 1602 775 1668 postea
795 1591 950 1666 subveniri,
969 1591 993 1651 si
1011 1601 1063 1650 aut
1080 1591 1109 1652 vi

60 1687 244 1766 tempestatis
262 1698 314 1748 aut
332 1697 425 1748 terrae
439 1700 522 1748 motu
536 1699 587 1748 aut
600 1699 744 1748 vetustate
759 1688 943 1760 cecidissent,
959 1688 1016 1747 nisi
1029 1707 1109 1748 com·
1124 1705 1152 1755 15

60 1785 158 1846 munis
169 1784 230 1844 vita
243 1786 280 1845 ab
294 1783 464 1844 hominibus
478 1786 582 1843 harum
596 1805 692 1845 rerum
706 1784 815 1843 auxilia
827 1796 926 1861 petere
937 1783 1110 1845 didicisset?

64 1902 107 1955 14.
130 1882 222 1940 Adde
241 1882 346 1941 ductus
365 1900 516 1957 aquarum,
531 1881 726 1941 derivationes
741 1880 906 1954 fluminum,
920 1900 1055 1959 agrorum
1069 1879 1112 1939 in-

60 1977 227 2055 rigationeS,
242 1978 336 2036 moles
351 1977 502 2053 oppositas
515 1970 661 2050 fluctibus,
675 1989 778 2054 portus
797 1979 1011 2039 manufactos:
1034 1996 1110 2054 quae

61 2075 141 2135 unde
160 2073 226 2133 sine
245 2073 400 2133 hominum
415 2092 503 2150 opere
517 2075 625 2134 habere
640 2079 816 2150 possemus?
857 2071 904 2135 Ex
918 2075 1025 2152 quibus
1039 2076 1112 2134 mul·

62 2169 157 2247 tisque
180 2168 245 2229 aliis
269 2168 457 2245 perspicuum
479 2181 531 2241 est,
553 2169 604 2246 qui
626 2172 736 2230 fructus
758 2191 892 2249 quaeque
914 2172 1053 2233 utilitates
1075 2192 1111 2231 ex
1123 2187 1154 2221 20

61 2268 147 2327 rebus
166 2265 203 2325 iis
218 2285 294 2341 quae
314 2264 372 2324 sint
390 2264 538 2326 inanimae
556 2267 762 2343 percipiantur,
778 2287 828 2328 eas
847 2288 902 2328 nos
922 2271 1004 2329 nullo
1018 2270 1111 2330 modo

62 2363 124 2423 sine
139 2360 298 2422 hominum
311 2381 401 2420 manu
415 2372 505 2438 atque
519 2381 609 2439 opera
620 2383 725 2440 capere
735 2365 875 2440 potuisse.
912 2365 972 2440 Qui
983 2365 1111 2443 denique

63 2479 98 2521 ex
110 2458 216 2520 bestiis
227 2460 336 2518 fruetus
347 2469 398 2517 aut
408 2477 484 2534 quae
499 2460 706 2533 commoditas,
718 2461 774 2521 nisi
788 2461 924 2522 homines
939 2462 1121 2534 adiuvarent,

63 2554 176 2632 percipi
190 2557 314 2632 posset?
348 2557 428 2613 Nam
441 2565 472 2615 et
482 2556 534 2632 qui
547 2556 695 2634 principes
709 2557 880 2618 inveniendi
893 2561 1017 2630 fuerunt,
1023 2578 1111 2636 quem

63 2671 99 2713 ex
109 2671 231 2729 quaque
244 2650 332 2710 belua
344 2670 432 2710 usum
446 2652 554 2712 habere
568 2672 728 2731 possemus,
736 2654 872 2714 homines
886 2666 965 2715 certe
978 2656 1106 2724 fuerunt,
1125 2664 1155 2712 25

64 2767 118 2810 nec
136 2749 199 2807 hoc
217 2758 353 2823 tempore
370 2747 434 2806 sine
453 2748 608 2808 hominum
627 2770 717 2826 opera
733 2761 782 2810 aut
797 2770 916 2827 pascere
930 2771 980 2811 eas
994 2763 1044 2811 aut
1058 2752 1114 2811 do·

65 2863 154 2917 mare,
164 2854 216 2903 aut
234 2842 310 2902 tueri
327 2853 378 2902 aut
394 2845 584 2921 tempestivos
599 2848 708 2906 fructus
722 2845 813 2907 exiis
831 2867 935 2923 capere
949 2867 1112 2924 possemus

64 2941 100 3002 ab
120 2940 297 3016 eisdemque
317 2950 347 2999 et
368 2959 421 3000 eae
441 2960 519 3018 quae
539 2954 649 3003 nocent
669 2943 880 3004 interficiuntur
900 2955 930 3005 et
950 2965 1026 3021 quae
1047 2945 1113 3006 usui

66 3046 190 3115 possunt
218 3055 283 3096 esse
310 3019 522 3144 capiunturi(
518 3054 563 3114 15.
606 3039 688 3114 Quid
716 3060 885 3100 enumerem
909 3041 1016 3101 artium
1039 3043 1114 3102 mul·

67 3133 235 3203 titudinem,
257 3132 321 3192 sine
353 3133 460 3210 quibus
490 3134 551 3194 vita
584 3136 708 3195 omnino
740 3138 821 3196 nulla
852 3157 917 3198 esse
949 3138 1158 3215 potuissettro

68 3229 126 3305 Qui
142 3229 227 3290 enim
242 3229 337 3306 aegris
355 3229 565 3305 subveniretur,
581 3251 657 3308 quae
675 3244 753 3293 esset
771 3234 930 3294 oblectatio
943 3236 1113 3308 valentium,

68 3324 117 3402 qui
137 3324 237 3384 victus
259 3335 312 3384 aut
334 3327 441 3399 cultus,
464 3326 521 3386 nisi
544 3338 607 3386 tam
630 3331 740 3389 multae
762 3330 849 3390 nobis
871 3342 947 3391 artes
968 3331 1115 3393 ministra-

67 3424 153 3483 rent?
186 3421 296 3498 quibus
323 3423 410 3482 rebus
436 3425 555 3483 exculta
581 3425 737 3485 hominum
757 3426 819 3487 vita
843 3438 960 3488 tantum
987 3429 1116 3490 distata

118 3619 149 3667 ¹4
169 3604 302 3654 subvenire
318 3605 360 3653 Ba
377 3622 433 3654 cum
450 3606 544 3670 alr'quot
557 3608 624 3656 codd.
660 3612 671 3665 ΙΙ
710 3622 739 3672 19
758 3625 833 3673 opere
852 3627 908 3659 cum
922 3612 987 3662 codd.
1009 3613 1047 3662 Or
1063 3614 1111 3672 Lu,

70 3698 145 3750 opera
165 3686 208 3734 Ba
224 3686 306 3734 Hane
339 3691 350 3743 11
386 3702 416 3737 21
441 3688 490 3736 sint
508 3688 551 3736 Ba
570 3688 650 3738 Heine
665 3698 723 3740 sunt
739 3693 776 3742 Or
785 3695 824 3743 Be
855 3696 866 3749 ΙΙ
905 3707 934 3756 3¹
952 3693 1114 3759 qui-subve-

71 3767 161 3817 nitetur
179 3767 316 3816 Gemhard
332 3769 374 3816 Ba
394 3769 473 3816 Heine
488 3769 538 3830 Lu,
559 3771 603 3835 qui
621 3777 667 3819 aut
682 3771 737 3838 quis
753 3780 799 3824 aut
816 3774 880 3844 quid
897 3774 1044 3828 subvenlret
1058 3774 1127 3827 codd.

74 3850 86 3905 Ι
102 3862 132 3913 33
149 3847 247 3897 destitit
257 3848 402 3909 (movit
408 3847 446 3914 se)
455 3851 500 3901 Ba
506 3867 565 3903 cum
567 3853 699 3924 plenique
707 3858 777 3910 codd.

132 3943 318 4016 creabas
1060 3973 1083 4036 ς)
