2512 4192
124 128 160 201 56
452 126 642 184 Horatiorum
663 123 833 198 conparatio
980 118 1008 201 [Ι
1024 137 1098 180 xuv
1115 136 1166 197 155

122 306 183 353 tam
198 293 322 370 cupidus
336 293 367 351 in
381 293 589 370 perspicienda
602 294 869 369 cognoscendaque
885 311 983 352 rerum
1000 301 1114 361 natura,
1128 300 1168 360 ut,

123 392 148 451 si
175 391 203 450 ei
238 390 374 450 tractanti
401 389 672 466 contemplantique
700 409 748 449 res
773 389 944 468 cognitione
978 384 1166 466 dignissimas

123 490 221 549 subito
242 489 279 548 sit
293 490 414 547 allatum
432 488 596 564 periculum
615 486 833 564 discrimenque
853 487 976 564 patriae,
997 485 1048 545 cui
1068 485 1169 545 subve

124 588 185 648 nire
200 586 396 664 opitularique
416 585 518 663 possit,
534 605 596 645 non
610 585 660 646 illa
674 585 775 645 omnia
788 584 933 661 relinquat
947 595 1039 660 atque
1053 581 1167 654 abiciat,

124 685 213 744 etiam
227 683 252 743 si
266 683 451 744 dinumerare
470 703 502 744 se
521 684 620 743 stellas
634 693 685 742 aut
699 683 796 743 metiri
810 681 915 742 mundi
933 679 1169 758 magnitudinem
1192 689 1202 738 5

122 800 211 857 posse
231 780 406 841 arbitretur?
446 782 546 856 Atque
574 781 633 841 hoc
653 778 734 838 idem
755 778 786 838 in
807 778 945 856 parentis
975 777 1006 837 in
1028 774 1119 836 amici
1139 794 1169 836 re
1213 786 1216 793 “

124 890 174 939 aut
194 878 326 955 periculo
346 878 455 938 fecerit.
501 894 566 954 155.
608 877 723 953 Quibus
745 879 833 937 rebus
858 875 1036 952 intellegitur
1067 873 1169 934 studiis

125 976 287 1052 officiisque
316 975 455 1036 scientiae
482 976 694 1052 praeponenda
714 993 778 1035 esse
803 974 900 1034 officia
926 973 1065 1045 iustitiae,
1094 989 1168 1048 quae

126 1072 273 1147 pertinent
287 1072 326 1131 ad
340 1070 493 1129 hominum
513 1070 679 1143 utilitatem,
695 1089 754 1146 qua
774 1069 848 1131 nihil
867 1068 982 1130 homini
995 1089 1061 1130 esse
1083 1069 1169 1128 debet

153 1223 341 1264 Inqanoesofemi·
376 1167 533 1245 antiquius
576 1170 677 1244 Atque
704 1167 755 1241 illi,
773 1187 900 1244 quorum
928 1167 1027 1227 studia
1054 1165 1168 1243 vitaque
1180 1183 1204 1220 10

127 1284 176 1314 nent
183 1288 230 1314 men
236 1275 340 1314 whohave
375 1265 472 1324 omnis
486 1263 517 1323 in
530 1284 626 1324 rerum
640 1263 810 1341 cognitione
822 1274 936 1329 versata
949 1275 1002 1337 est,
1018 1276 1120 1325 tamen
1134 1265 1169 1324 ab

127 1325 217 1365 devoted
268 1325 335 1364 them·

126 1375 270 1474 ffirvgcqgtqe
275 1375 336 1464 ἐξῇ
375 1360 516 1436 augendis
529 1359 686 1419 hominum
699 1359 874 1419 utilitatibus
887 1371 917 1421 et
927 1360 1096 1421 commodis
1110 1379 1169 1420 nou

125 1484 167 1535 out,
186 1475 337 1533 relinquishing
374 1468 564 1517 recesserunt.
607 1459 687 1516 Nam
708 1467 738 1516 et
762 1457 950 1517 erudiverunt
974 1459 1093 1528 multos,
1111 1476 1169 1534 quo

124 1525 338 1624 iiiipiiierseiiii
374 1552 511 1613 meliores
532 1552 610 1612 cives
635 1552 824 1629 utilioresque
851 1554 939 1613 rebus
963 1552 1024 1613 suis
1045 1552 1170 1630 publicis

124 1626 260 1667 ΝΜ·
375 1661 481 1721 essent,
503 1661 536 1709 ut
557 1651 734 1710 Thebanum
754 1650 994 1727 Epaminondam
1013 1651 1099 1728 Lysis
1118 1653 1205 1727 Py-1t

125 1753 291 1826 thagoreus,
307 1746 492 1824 Syracosium
508 1746 639 1806 Dionem
655 1749 739 1810 Plato
758 1748 903 1825 multique
921 1750 1040 1822 multos,
1057 1768 1170 1825 nosque

124 1847 182 1924 ipsi
204 1847 350 1923 quidquid
372 1847 412 1904 ad
432 1864 494 1904 rem
523 1844 674 1921 publicam
699 1845 858 1919 attulimus,
885 1846 909 1905 si
937 1848 1030 1907 modo
1059 1846 1171 1924 aliquid

126 1945 285 2017 attulimuS,
314 1943 522 2005 adoctoribus
550 1954 640 2018 atque
661 1943 797 2004 doctrina
824 1943 958 2004 instructi
985 1946 1025 2006 ad
1054 1966 1121 2007 eam
1142 1957 1170 2007 et

126 2041 221 2101 ornati
236 2023 455 2101 accessimusl(
467 2043 532 2117 156.
575 2043 682 2116 Neque
701 2042 798 2101 solum
815 2041 875 2102 vivi
892 2053 982 2119 atque
1000 2056 1169 2120 praesentes

126 2138 275 2198 studiosos
295 2137 429 2198 discendi
448 2137 586 2197 erudiunt
604 2148 693 2213 atque
708 2139 817 2198 docent
831 2140 885 2199 sed
903 2139 961 2198 hoc
979 2138 1061 2200 idem
1083 2141 1169 2200 etiam
1181 2162 1207 2197 ro

125 2247 192 2310 post
213 2246 338 2294 mortem
360 2233 560 2294 monumentis
581 2234 741 2294 litterarum
760 2246 966 2310 assequuntur.
997 2241 1063 2298 Nec
1091 2237 1169 2299 enim

126 2332 208 2390 locus
232 2332 308 2390 ullus
336 2341 380 2389 est
407 2329 627 2405 praetermissus
655 2332 694 2390 ab
718 2330 761 2403 iis,
791 2330 843 2406 qui
870 2331 910 2391 ad
935 2331 1024 2407 leges,
1053 2333 1105 2409 qui
1131 2335 1170 2394 ad

125 2447 231 2500 mores,
260 2426 311 2502 qui
336 2428 376 2486 ad
396 2425 582 2502 disciplinam
603 2427 645 2486 rei
669 2427 805 2504 publicae
826 2428 992 2504 pertineret,
1021 2439 1055 2488 ut
1076 2429 1169 2491 otium

125 2545 209 2583 suum
229 2525 267 2584 ad
287 2535 420 2585 nostrum
438 2522 591 2600 negotium
610 2523 770 2583 contulisse
788 2523 951 2584 videantur.
996 2527 1044 2585 Ita
1057 2524 1100 2586 illi
1114 2526 1169 2602 ipsi

125 2622 275 2681 doctrinae
297 2620 401 2681 studiis
421 2631 451 2681 et
472 2619 631 2696 sapientiae
656 2620 750 2680 dediti
773 2622 812 2680 ad
834 2620 989 2681 hominum
1013 2622 1168 2683 utilitatem
1180 2639 1207 2688 ²⁵

125 2739 207 2779 suam
221 2719 408 2795 prudentiam
421 2718 712 2795 intellegentiamque
727 2718 912 2795 potissimum
929 2720 1094 2792 conferunt,
1129 2723 1169 2786 ob

124 2837 249 2894 eamque
264 2817 354 2877 etiam
368 2835 487 2875 causam
502 2813 601 2890 eloqui
619 2814 749 2890 copiose,
770 2816 863 2875 modo
879 2817 1047 2891 prudenter,
1064 2818 1168 2879 melius

124 2927 168 2975 est
192 2935 281 2990 quam
302 2915 350 2974 vel
370 2912 537 2972 acutissime
558 2911 622 2971 sine
642 2911 812 2988 eloquentia
832 2912 969 2989 cogitare,
989 2916 1073 2990 quod
1092 2917 1169 2994 cogi-

124 3012 197 3070 tatio
211 3011 241 3069 in
256 3031 287 3070 se
302 3011 365 3086 ipsa
375 3009 504 3082 vertitur,
516 3009 686 3085 eloquentia
700 3010 906 3086 complectitur
919 3031 979 3085 eos,
992 3013 1167 3089 quibuscum

124 3109 337 3169 communitate
358 3107 452 3168 iuncti
473 3128 581 3168 sumus
630 3126 693 3186 157.
737 3113 838 3187 Atque
865 3122 898 3170 ut
914 3111 1015 3187 apium
1032 3113 1168 3172 examina
1181 3127 1209 3179 30

125 3224 186 3264 non
207 3205 413 3279 fingendorum
433 3207 567 3264 favomm
586 3225 675 3265 causa
693 3218 914 3284 congregantur,
936 3210 996 3280 sed,
1010 3229 1080 3269 cum
1102 3230 1169 3270 con-

124 3302 282 3379 gregabilia
295 3314 399 3360 natura
413 3300 477 3372 sint,
486 3303 599 3378 lingunt
609 3305 699 3376 savos,
716 3305 758 3364 sic
772 3306 908 3366 homines
922 3326 957 3365 ac
971 3309 1066 3367 multo
1080 3308 1169 3368 etiam

125 3398 217 3475 magis
234 3410 338 3457 natura
358 3398 527 3474 congregati
547 3400 691 3460 adhibent
711 3402 819 3478 agendi
841 3402 1050 3480 cogitandique
1072 3407 1169 3466 soller-

151 3516 282 3566 knowledge
320 3515 338 3557 rs
376 3491 455 3552 tiam.
499 3496 604 3571 Itaque
629 3496 685 3557 nisi
707 3516 742 3557 ea
761 3498 861 3571 virtus,
890 3519 967 3575 quae
990 3513 1106 3562 constat
1133 3522 1169 3562 ex

125 3577 161 3608 not
192 3567 234 3607 real
264 3568 335 3607 know·
449 3589 455 3600 ·
480 3589 486 3600 ·
662 3593 667 3604 .
717 3593 722 3604 .
947 3597 952 3608 ,
1146 3599 1152 3612 ,

125 3618 193 3669 page,
222 3630 260 3658 no,
287 3618 337 3658 dm,
375 3589 545 3649 hominibus
566 3594 692 3665 tuendis,
714 3595 746 3652 1d
771 3605 815 3654 est
836 3614 873 3654 ex
893 3607 1034 3657 societate
1054 3615 1208 3675 genensss

25 1185 113 1233 XLIV

411 3796 425 3846 9
442 3781 569 3832 caritatem
580 3785 620 3833 Bu
631 3800 686 3833 cum
698 3784 788 3833 duobus
799 3785 863 3834 calci.
