2512 4192
203 271 207 280 1
269 174 422 243 NOTES
460 184 945 260 BoorrIIccxrxrr5540-42
1073 205 1160 264 277·

129 353 184 400 Η.
216 351 296 399 tants
304 353 338 399 ut
347 350 444 410 firmet]
461 349 617 400 consecutive
628 348 691 414 subj.
706 352 748 400 ‘so
759 349 832 400 rhat’
933 398 937 404 .

80 494 96 556 s
122 432 213 559 hu}
232 429 453 495 oomtttuta1i.q.
470 430 526 479 bene
541 431 677 491 constituta,
697 430 768 480 ‘well
784 429 906 482 ordered.¹
939 431 988 497 Cp.
999 432 1131 485 instructos

106 510 121 560 3
181 510 223 545 a.

481 600 651 651 CHAPTER
668 583 724 650 1111

129 689 205 749 541,
224 690 244 737 1.
260 693 298 737 12.
333 692 365 737 ut
381 690 421 737 att
436 688 592 748 Herodotus]
610 700 621 736 1
638 687 670 753 96
686 688 715 736 of
730 688 844 749 Deioces,
864 688 907 740 the
923 689 988 740 fame
1004 690 1034 740 ot
1046 691 1130 743 whose

77 750 168 868 ffircfe
178 753 299 828 attracted
311 759 337 802 to
348 753 400 801 him
412 754 500 846 spitors
511 753 575 802 from
586 753 619 802 all
629 762 746 818 quarters,
761 754 799 804 till
810 761 836 803 at
847 753 894 804 last
906 754 948 805 the
956 757 1045 806 Medes
1055 758 1130 807 chose

155 834 183 867 or
194 818 259 866 thelr
269 818 330 880 krng
339 819 373 877 (Β.
381 830 405 866 c.
421 819 485 879 ,ool

128 902 148 948 1.
160 903 198 947 14.
234 902 300 947 bene
311 903 408 948 morati
415 910 492 956 reges
502 895 653 960 constituti]
670 898 702 946 In
712 898 762 947 this
776 898 840 948 view
851 899 880 949 of
890 899 934 949 the
945 900 1049 964 original
1060 900 1129 951 insti·

79 963 162 1013 tution
173 963 203 1013 of
210 963 297 1027 kingly
307 979 392 1026 power
408 963 496 1013 Cicero
511 979 615 1027 appears
631 963 690 1012 here
701 964 751 1012 and
764 964 861 1013 Invent.
878 966 947 1024 152,
962 965 1036 1015 Tusc.
1049 969 1091 1026 νς
1104 979 1127 1028 5,

80 1029 150 1080 Sext.
164 1030 219 1093 591
234 1037 260 1077 to
270 1029 334 1077 have
350 1028 466 1077 followed
482 1028 521 1077 his
535 1037 626 1077 master
643 1028 797 1088 Posidonius,
818 1044 833 1077 a
849 1044 952 1093 passage
967 1028 1030 1079 from
1044 1030 1129 1081 whose

80 1093 152 1142 work
163 1089 390 1158 aporpsrrudhhe
401 1092 567 1156 groundwork
578 1093 607 1143 of
621 1092 730 1142 Cicero's
741 1093 898 1154 Hortensius)
915 1095 936 1143 is
951 1095 1081 1159 preserved
1096 1097 1130 1160 by

81 1158 171 1208 Senec.
189 1174 230 1221 ep.
248 1168 299 1206 xlv
317 1173 329 1206 a
348 1161 390 1223 (90
401 1160 414 1216 5
427 1157 451 1218 5)
468 1158 512 1205 illo
524 1173 579 1220 ergo
593 1158 692 1216 saeculo,
712 1157 778 1221 quad
791 1174 895 1206 aureum
907 1160 1040 1222 perbibent,
1056 1168 1130 1224 penes

79 1222 395 1286 sapientesfuisseregnum
405 1222 550 1271 Posidonius
564 1223 664 1271 radicat.
697 1223 727 1270 bi
742 1223 898 1272 continebant
913 1239 1003 1273 manus
1018 1231 1042 1272 et
1056 1225 1129 1288 infir-

79 1288 184 1336 miorem
204 1303 220 1334 a
241 1287 403 1335 validioribus
420 1287 643 1336 tuebantur.-Sed
653 1293 785 1351 postquam
806 1288 987 1351 subrepentibus
1009 1289 1077 1337 uitiis
1099 1289 1128 1337 in

78 1351 242 1415 tyrannidem
254 1367 330 1414 regna
340 1367 453 1400 conversa
463 1359 529 1410 sunt,
543 1359 603 1414 opus
613 1368 660 1400 esse
673 1352 749 1414 coepit
760 1352 858 1414 lembus,
877 1369 938 1416 quas
948 1359 972 1401 et
986 1353 1052 1416 ipsas
1063 1354 1131 1403 inter

79 1416 161 1465 initia
176 1417 253 1465 tulere
268 1416 394 1480 sapientes.
431 1417 478 1479 Cp.
491 1417 523 1464 de
533 1432 585 1479 rep.
601 1429 622 1465 11
639 1417 651 1475 5
666 1431 705 1475 24,
719 1416 820 1465 Tacitus
832 1417 898 1467 Ann.
914 1429 947 1465 111
961 1415 990 1467 16
997 1425 1128 1482 postquam

78 1480 142 1531 exui
151 1481 290 1545 aequalitas
299 1487 323 1528 et
330 1488 376 1544 pro
387 1481 502 1529 modestia
512 1495 541 1528 ac
547 1481 641 1543 pudore
655 1481 758 1529 ambitio
772 1489 795 1530 et
804 1482 844 1529 vis
855 1482 981 1542 incedebat,
997 1491 1129 1546 provenere

78 1546 166 1595 statim
177 1545 489 1609 dominationes-quidam
502 1546 595 1605 statim,
612 1553 659 1594 aut
666 1552 796 1609 postquam
813 1563 899 1609 regum
910 1554 1058 1611 pertaesum,
1070 1548 1130 1610 leges

79 1611 234 1670 maluerunt,
250 1610 570 1674 Iustln.Hist.Pl1ilipp.l
588 1625 599 1659 1
609 1611 738 1674 principio
754 1627 845 1670 rerum,
857 1612 970 1674 gentium
986 1613 1128 1661 nationum·

78 1690 127 1739 que
144 1675 279 1738 imperium
292 1683 366 1738 penes
382 1682 448 1738 reges¹
463 1682 534 1733 erat,·
549 1691 608 1739 quos
626 1675 662 1723 ad
672 1675 810 1738 fastigium
828 1676 904 1724 huius
923 1676 1056 1726 maiestatis
1077 1693 1128 1726 non

80 1739 185 1789 ambitio
190 1740 330 1807 popularis,
342 1740 384 1788 sed
391 1746 495 1802 spectata
506 1739 573 1788 inter
582 1740 653 1789 bonos
664 1740 793 1788 moderatio
798 1741 952 1805 provehebat.

128 1821 147 1869 l.
162 1823 202 1868 1⁶.
234 1819 321 1879 inops]
337 1818 441 1868 another
452 1819 555 1882 reading
564 1819 586 1868 is
597 1819 641 1868 ‘in
653 1817 733 1881 otio,’
747 1819 787 1868 ‘in
798 1820 858 1869 time
869 1820 898 1869 of
905 1817 999 1886 peace.’

128 1902 199 1963 1,1·1.
235 1901 432 1962 commetiens]
465 1901 577 1964 Draeger
588 1900 646 1950 hist.
659 1908 722 1964 synt.
736 1902 750 1960 5
764 1916 809 1950 roo
820 1917 845 1965 p.
860 1914 915 1964 171.

128 1983 283 2039 prohiberet
302 1983 402 2030 iniuria
424 1980 570 2042 tenuiores]
600 1980 735 2030 ‘defended
763 1981 806 2030 the
832 1996 922 2046 poorer
948 1981 1037 2032 classes
1063 1981 1128 2032 from

79 2043 188 2109 wrong!
220 2046 361 2095 Prohiberct
378 2046 503 2095 iniuriam
521 2061 538 2094 a
555 2046 708 2094 tenuioribus
726 2046 810 2105 would
829 2046 892 2095 have
914 2048 978 2096 been
997 2047 1039 2096 the
1059 2062 1128 2097 more

79 2111 151 2159 usual
169 2111 344 2160 construction.
378 2111 426 2174 Cp.
448 2111 498 2160 Cic.
518 2126 564 2174 pro
582 2111 631 2174 leg.
649 2111 718 2158 Man.
739 2112 752 2170 5
772 2113 800 2159 18
817 2117 851 2159 est
867 2111 948 2173 egitur
962 2112 1129 2161 humanitatis

79 2182 175 2224 vestrae
185 2191 304 2240 magnum
315 2191 448 2224 numerum
459 2176 551 2224 cim'um
563 2175 672 2224 calami
675 2182 735 2223 tate
738 2175 898 2239 probibere,
913 2176 1004 2224 Caesar
1014 2177 1047 2226 de
1058 2177 1087 2225 B.
1094 2176 1128 2226 G.

79 2252 91 2290 1
113 2254 142 2302 15
160 2241 258 2300 bostem,
276 2240 383 2303 rapinis,
395 2240 597 2304 pabulationibus
613 2240 858 2304 populationibusque
873 2241 1037 2304 probibere,
1064 2242 1128 2290 Hor.

80 2307 207 2369 od.127‚
225 2323 241 2366 4
256 2305 381 2353 Bacchum
393 2305 535 2368 sanguineis
544 2305 695 2368 prohibete
709 2305 780 2363 rixis,
800 2320 840 2368 ep.
858 2316 867 2353 1
886 2320 907 2361 1,
925 2320 953 2368 31
968 2313 1055 2369 corpus
1064 2312 1129 2369 pro·

79 2371 182 2420 hibere
188 2371 306 2434 podagra,
321 2369 385 2433 Livy
396 2380 454 2418 xxv
468 2385 478 2418 1
483 2384 495 2432 5
507 2385 578 2433 agros
583 2369 786 2434 populationibus
795 2370 959 2433 prohibere,
974 2370 1064 2434 Zumpt
1082 2371 1125 2421 Gr.

79 2435 167 2496 5460.
203 2433 329 2496 Similarly
348 2449 392 2483 our
410 2433 479 2482 word
499 2436 540 2483 ‘to
561 2433 673 2498 prevent'
722 2435 855 2494 raeacnire)
872 2435 917 2484 has
934 2451 949 2483 a
964 2435 1056 2484 double
1071 2450 1129 2484 con·

79 2500 219 2616 {magoni
237 2514 279 2584 ‚we
297 2498 375 2564 speak
392 2497 421 2548 of
438 2499 597 2564 ‘preventing
615 2498 694 2559 harm,
720 2499 769 2547 aud
787 2499 816 2547 of
834 2499 990 2564 ‘preventing
1007 2516 1022 2549 a
1038 2514 1129 2564 person
1183 2506 1186 2510 ’

101 2581 145 2615 om
174 2579 236 2612 arm.

127 2648 147 2694 L
159 2649 197 2694 1⁹.
231 2645 291 2702 pan
301 2642 371 2705 lure]
390 2644 437 2708 ‘by
447 2658 479 2692 an
491 2643 600 2710 equality
610 2643 640 2693 of
648 2642 731 2708 right,'
743 2643 864 2708 Nigelsb.
878 2643 922 2693 lat.
935 2643 991 2694 Stil.
1004 2660 1030 2709 p.
1042 2641 1082 2696 60.
1112 2621 1113 2624 Ἴ

128 2724 274 2785 retinebat]
297 2724 363 2774 Hor.
381 2725 434 2774 Sat.
452 2737 462 2774 1
482 2740 503 2786 1,
528 2727 560 2791 89
581 2725 605 2774 si
625 2732 735 2789 cognatos
755 2725 887 2775 retinere
907 2724 969 2774 uelis
988 2740 1130 2789 servareque

78 2791 177 2850 amica,
192 2791 224 2839 de
235 2789 275 2839 off.
291 2801 312 2838 11
324 2791 407 2850 5241.
422 2786 446 2840 6.

127 2874 148 2920 1.
160 2876 199 2920 2⁰.
231 2869 336 2931 recum]
353 2885 387 2919 sc.
400 2869 684 2920 constituendorum.
720 2869 779 2935 [cp.
791 2867 886 2919 Lucian
899 2870 932 2919 de
948 2869 1054 2918 calumn.
1067 2869 1082 2918 8
1093 2870 1130 2920 rls

77 2938 128 2999 γὰρ
150 2933 192 2985 οὐκ
214 2934 244 2984 ἂν
264 2933 423 2996 ὁμολογήσειε
441 2937 485 2994 τὴν
507 2933 550 2993 μὲν
572 2937 674 2993 ἰσότητα
696 2936 721 2984 ἐν
740 2936 831 2983 tram
850 2937 891 2982 καὶ
911 2934 940 2982 τὸ
961 2935 1034 2994 μηδὲν
1056 2936 1130 2984 πλέον

79 2997 229 3060 δικαιοσύνης
239 3002 300 3061 ἔργα
311 3000 379 3059 εἶναι,
391 3001 419 3048 τὸ
431 3000 457 3048 δὲ
468 2998 550 3048 ἄνισόν
559 3017 587 3049 τε
598 3002 638 3048 xal
650 3001 816 3049 πλεονεκτικὸν
828 2996 916 3048 dbsxlas
922 3016 931 3060 ;
941 3009 961 3058 J.
967 3011 1021 3051 M.
1030 2999 1076 3063 su]

127 3084 197 3131 Ml.
233 3080 324 3142 antor]
340 3080 387 3145 i.q.
400 3081 516 3145 alioqui
531 3080 694 3141 ‘otherwise'
707 3084 741 3142 15
756 3097 808 3147 139,
824 3083 934 3144 111517.

127 3164 204 3224 542,
217 3165 237 3210 1.
250 3167 287 3210 28.
320 3161 419 3222 minus]
438 3178 453 3211 a
464 3162 552 3225 simple
563 3163 704 3227 negative:
704 3171 808 3227 parum,
822 3161 934 3212 minime.

128 3254 197 3300 quaa
208 3243 390 3304 loquerentur]
402 3244 557 3294 consecutive
574 3242 728 3308 subjunctive
739 3243 801 3293 after
812 3259 882 3308 quae.

63 3346 67 3354 ·
126 3326 197 3372 Lus.
230 3323 333 3384 solitos]
351 3339 386 3373 sc.
397 3340 451 3374 esse.

126 3408 199 3457 128.
232 3408 357 3454 adiuncto
367 3407 409 3469 ut]
428 3405 464 3454 ‘ii
472 3406 498 3456 in
509 3406 622 3457 addition
633 3406 692 3472 they
702 3422 767 3456 were
777 3404 883 3470 thought
894 3403 972 3455 wise.’
1003 3405 1130 3458 Adiuncto

77 3471 165 3520 ut=si
179 3485 234 3518 uero
244 3471 375 3519 accessisset
389 3478 425 3530 ut,
442 3487 481 3535 cp.
501 3473 564 3522 Hor.
583 3473 631 3536 Ep.
652 3483 714 3532 110,
733 3485 764 3533 50
778 3478 898 3534 excepto,
914 3471 980 3535 quod
994 3487 1044 3520 non
1055 3471 1133 3520 amul

77 3551 143 3595 esses,
157 3541 235 3584 cetera
250 3535 336 3594 laetias,
350 3536 382 3583 de
399 3535 440 3585 fin
463 3549 484 3585 11
502 3539 514 3596 5
531 3537 561 3598 85
598 3536 704 3599 erfecto
720 3544 744 3586 et
757 3537 890 3585 concluso
906 3552 983 3599 neque
996 3537 1130 3584 vircan'bus

77 3601 158 3649 locum
174 3615 226 3648 esse.
262 3599 353 3664 Zumpt
370 3599 413 3649 Gr.
429 3602 442 3659 5
454 3599 509 3662 647,
525 3601 553 3650 P.
570 3545 654 3652 {Gn
666 3617 692 3666 p.
705 3614 761 3666 497,
776 3600 880 3664 Madvig
897 3600 940 3650 Gr.
959 3602 973 3659 5
990 3614 1046 3665 429.
1081 3600 1129 3664 Cp.

77 3680 124 3730 pro
135 3664 183 3728 leg.
195 3665 285 3724 Man.5
298 3679 329 3726 50
340 3680 395 3712 cum
406 3665 463 3713 baec
473 3682 565 3729 quoque
574 3667 743 3730 opportunitas
753 3666 939 3728 adiungatur
948 3664 1017 3712 utin
1028 3664 1060 3713 iis
1071 3664 1130 3728 ipsa

78 3729 134 3779 locis
144 3728 212 3778 adsit
222 3735 280 3778 cett.
314 3729 426 3792 Draeger
436 3729 492 3780 hist
509 3730 579 3794 Synt.
595 3741 626 3779 11.
641 3732 654 3790 5
666 3731 720 3794 387.
788 3765 790 3768 -

125 3814 144 3861 1.
158 3814 196 3862 29.
232 3810 384 3872 munands]
400 3826 439 3878 cp.
454 3811 486 3862 de
496 3812 589 3863 invent.
603 3813 663 3875 153
674 3811 753 3878 silem
764 3810 835 3863 colere
851 3815 875 3861 ct
890 3808 1047 3860 iustitiam
1060 3809 1133 3859 reti.-

76 3891 152 3927 uere.
