2512 4192
62 226 325 310 111xxx1n121]
367 231 414 301 De
433 232 599 290 contentione
617 226 783 289 Honestiel
810 230 896 289 Utilis
1051 248 1107 305 139

62 413 98 462 ut
125 403 281 480 acceperis
332 406 522 481 Quamquam
549 404 581 463 hi
607 404 661 464 tibi
688 416 746 464 tres
772 404 837 463 libri
872 404 947 463 inter
975 403 1108 480 Cratippi

62 500 295 560 commentarios
328 511 480 577 tamquam
514 501 645 577 hospites
672 511 757 561 erunt
784 500 958 576 recipiendi:
993 501 1047 560 sed
1070 511 1111 573 ut,

63 597 89 655 si
116 596 182 673 ipse
208 596 354 657 venissem
380 599 522 670 Athenas,
547 599 630 674 quod
657 597 779 674 quidem
801 608 878 657 esset
904 598 1025 669 factum,
1055 596 1110 656 nisi
1142 654 1146 664 ,

64 713 115 752 me
144 713 162 752 e
188 693 289 753 medio
316 713 402 753 cursu
429 697 507 752 clara
533 713 607 754 voce
633 693 727 770 patria
753 704 927 765 revocasset,
950 693 1111 770 aliquando

64 807 115 847 me
151 807 272 864 quoque
298 789 423 861 audires
453 790 504 860 sic,
533 788 675 865 quoniam
709 789 754 848 his
788 789 988 849 voluminibus
1015 791 1055 848 ad
1082 801 1112 849 te
1141 807 1154 857 5

63 886 199 962 prosecta
218 905 277 959 vox
296 896 341 946 est
362 905 437 959 mea,
459 887 568 945 tribues
595 885 631 945 iis
655 885 795 962 temporis
823 896 965 962 quantum
993 885 1110 961 poteris,

62 980 176 1057 poteris
197 992 296 1042 autem
316 994 459 1058 quantum
479 983 567 1042 voles.
612 984 690 1042 Cum
717 1001 787 1042 vero
808 981 979 1042 intellexero
1003 994 1032 1040 te
1055 982 1112 1040 hoc

63 1078 207 1138 scientiae
227 1097 335 1154 genere
356 1081 492 1155 gaudere,
514 1090 577 1138 tum
598 1090 628 1138 et
649 1097 787 1155 praesens
808 1089 908 1138 tecum
928 1080 1110 1154 propediem,

62 1186 97 1234 ut
133 1193 229 1250 spero,
257 1186 287 1234 et
314 1175 386 1234 dum
414 1175 516 1248 aberis,
545 1176 651 1235 absens
678 1177 791 1252 loquar.
845 1177 920 1234 Vale
947 1175 1041 1252 igitur,
1070 1177 1110 1234 mi

63 1269 181 1344 Cicero,
211 1270 325 1347 tibique
351 1273 496 1347 persuade
524 1291 588 1330 esse
614 1283 645 1330 te
672 1271 793 1347 quidem
821 1271 893 1329 mihi
920 1271 1108 1343 carissimum,
1124 1300 1153 1333 ιο

63 1368 120 1428 sed
136 1369 232 1426 multo
250 1370 312 1427 lore
329 1368 478 1440 cariorem,
498 1368 523 1427 si
539 1367 647 1426 talibus
668 1366 869 1426 monumentis
887 1368 1108 1445 praeceptisque

62 1467 221 1526 laetabere.

119 1629 129 1661 r
159 1619 184 1661 et
205 1613 232 1661 hi
254 1614 284 1661 St
296 1619 353 1677 post
373 1614 524 1662 Lumbinum
542 1630 573 1661 ex
593 1614 685 1676 aliquot
703 1613 797 1676 optinris
818 1613 880 1660 coda
907 1615 974 1660 ‘cunr
998 1616 1109 1662 tironium

62 1693 131 1742 enim
148 1693 290 1741 urbanitate
302 1701 327 1741 et
345 1693 512 1757 interpositum
529 1700 570 1742 est.
603 1695 792 1762 Intellegendum
813 1695 878 1741 enim
895 1702 918 1742 et
935 1696 1008 1743 ceteri
1030 1705 1054 1743 et
1074 1697 1109 1743 hi.

61 1775 94 1822 Si
112 1774 199 1822 obesset
214 1780 248 1830 et,
267 1775 394 1822 contraria
409 1778 527 1824 sententia
544 1776 652 1824 evadnet
668 1776 703 1833 hi,
722 1792 772 1825 non
789 1777 871 1832 ceteri,
888 1778 954 1839 quod
966 1785 1107 1841 perversum

61 1854 115 1904 est)
146 1859 156 1912 ΙΙ
190 1871 218 1904 11
236 1856 336 1905 monitis
351 1857 488 1905 Lambinus
498 1857 659 1921 probantibus
674 1857 754 1905 Heine
768 1858 814 1914 Lu,
831 1858 892 1920 conf.
906 1869 914 1904 1
930 1860 943 1917 ξ
957 1856 1010 1920 156,
1022 1875 1108 1908 monu-

64 1936 157 1986 mentis
168 1937 210 1985 aa
222 1937 261 1984 Al
269 1953 323 1985 cum
329 1939 451 2003 plerisque
461 1939 534 1995 codd,
548 1939 707 1987 monimentis
722 1939 821 1987 Orcum
833 1939 910 1986 Bern.
921 1955 934 1987 c

436 2425 517 2467 'ulum
534 2429 630 2467 TERTII
649 2428 722 2485 uuus
