<?xml version="1.0" encoding="UTF-8"?>
<!DOCTYPE html PUBLIC "-//W3C//DTD XHTML 1.0 Transitional//EN"
    "http://www.w3.org/TR/xhtml1/DTD/xhtml1-transitional.dtd">
<html xmlns="http://www.w3.org/1999/xhtml" xml:lang="en" lang="en">
 <head>
  <title>
</title>
<meta http-equiv="Content-Type" content="text/html;charset=utf-8" />
  <meta name='ocr-system' content='tesseract 3.04.00' />
  <meta name='ocr-capabilities' content='ocr_page ocr_carea ocr_par ocr_line ocrx_word'/>
</head>
<body>
  <div class='ocr_page' id='page_1' title='image "./deofficiislibri01cicegoog_0096.png"; bbox 0 0 2512 4192; ppageno 0'>
   <div class='ocr_carea' id='block_1_1' title="bbox 77 160 1128 243">
    <p class='ocr_par' dir='ltr' id='par_1_1' title="bbox 77 160 1128 243">
     <span class='ocr_line' id='line_1_1' title="bbox 77 160 1128 243; baseline 0.004 -22"><span class='ocrx_word' id='word_1_1' title='bbox 77 165 209 222; x_wconf 84' lang='lat' dir='ltr'>Ixxxvr</span> <span class='ocrx_word' id='word_1_2' title='bbox 228 160 297 243; x_wconf 79' lang='lat'>131]</span> <span class='ocrx_word' id='word_1_3' title='bbox 404 171 546 223; x_wconf 82' lang='lat' dir='ltr'><em>externam</em></span> <span class='ocrx_word' id='word_1_4' title='bbox 567 167 677 239; x_wconf 74' lang='lat' dir='ltr'>specim</span> <span class='ocrx_word' id='word_1_5' title='bbox 691 167 818 241; x_wconf 76' lang='lat' dir='ltr'><em>pertinet</em></span> <span class='ocrx_word' id='word_1_6' title='bbox 1090 189 1128 243; x_wconf 88' lang='lat'>47</span> 
     </span>
    </p>
   </div>
   <div class='ocr_carea' id='block_1_2' title="bbox 946 279 1128 292">
    <p class='ocr_par' dir='ltr' id='par_1_2' title="bbox 946 279 1128 292">
     <span class='ocr_line' id='line_1_2' title="bbox 946 279 1128 292; baseline 0.016 -3"><span class='ocrx_word' id='word_1_7' title='bbox 946 279 1017 290; x_wconf 63' lang='lat' dir='ltr'>nan-m</span> <span class='ocrx_word' id='word_1_8' title='bbox 1023 281 1128 292; x_wconf 71' lang='lat'><strong>———-</strong></span> 
     </span>
    </p>
   </div>
   <div class='ocr_carea' id='block_1_3' title="bbox 31 328 1202 3817">
    <p class='ocr_par' dir='ltr' id='par_1_3' title="bbox 69 328 1202 2158">
     <span class='ocr_line' id='line_1_3' title="bbox 76 328 1127 407; baseline 0.003 -19"><span class='ocrx_word' id='word_1_9' title='bbox 76 328 126 406; x_wconf 94' lang='lat' dir='ltr'>qui</span> <span class='ocrx_word' id='word_1_10' title='bbox 146 331 369 407; x_wconf 89' lang='lat' dir='ltr'>reprehendunt</span> <span class='ocrx_word' id='word_1_11' title='bbox 387 341 417 390; x_wconf 91' lang='lat' dir='ltr'>et</span> <span class='ocrx_word' id='word_1_12' title='bbox 433 329 570 403; x_wconf 85' lang='lat' dir='ltr'>inrident,</span> <span class='ocrx_word' id='word_1_13' title='bbox 586 332 668 406; x_wconf 93' lang='lat' dir='ltr'>quod</span> <span class='ocrx_word' id='word_1_14' title='bbox 682 350 726 404; x_wconf 88' lang='lat' dir='ltr'>ea,</span> <span class='ocrx_word' id='word_1_15' title='bbox 742 350 818 407; x_wconf 92' lang='lat' dir='ltr'>quae</span> <span class='ocrx_word' id='word_1_16' title='bbox 832 351 863 390; x_wconf 92' lang='lat' dir='ltr'>re</span> <span class='ocrx_word' id='word_1_17' title='bbox 876 331 971 407; x_wconf 85' lang='lat' dir='ltr'>turpia</span> <span class='ocrx_word' id='word_1_18' title='bbox 984 351 1045 391; x_wconf 91' lang='lat' dir='ltr'>non</span> <span class='ocrx_word' id='word_1_19' title='bbox 1061 332 1127 404; x_wconf 92' lang='lat' dir='ltr'>sint,</span> 
     </span>
     <span class='ocr_line' id='line_1_4' title="bbox 77 425 1126 508; baseline 0.003 -22"><span class='ocrx_word' id='word_1_20' title='bbox 77 425 263 508; x_wconf 89' lang='lat' dir='ltr'>[nominibus</span> <span class='ocrx_word' id='word_1_21' title='bbox 286 425 334 508; x_wconf 87' lang='lat' dir='ltr'>ac]</span> <span class='ocrx_word' id='word_1_22' title='bbox 359 428 455 488; x_wconf 91' lang='lat' dir='ltr'>verbis</span> <span class='ocrx_word' id='word_1_23' title='bbox 479 427 622 505; x_wconf 87' lang='lat' dir='ltr'>flagitiosa</span> <span class='ocrx_word' id='word_1_24' title='bbox 649 429 808 501; x_wconf 81' lang='lat' dir='ltr'>ducamus3</span> <span class='ocrx_word' id='word_1_25' title='bbox 840 427 890 487; x_wconf 92' lang='lat' dir='ltr'>illa</span> <span class='ocrx_word' id='word_1_26' title='bbox 916 440 1023 501; x_wconf 88' lang='lat' dir='ltr'>autem,</span> <span class='ocrx_word' id='word_1_27' title='bbox 1050 447 1126 505; x_wconf 88' lang='lat' dir='ltr'>quae</span> 
     </span>
     <span class='ocr_line' id='line_1_5' title="bbox 76 523 1126 601; baseline 0.001 -17"><span class='ocrx_word' id='word_1_28' title='bbox 76 525 173 601; x_wconf 87' lang='lat' dir='ltr'>turpia</span> <span class='ocrx_word' id='word_1_29' title='bbox 193 525 261 599; x_wconf 93' lang='lat' dir='ltr'>sint,</span> <span class='ocrx_word' id='word_1_30' title='bbox 283 525 452 585; x_wconf 87' lang='lat' dir='ltr'>nominibus</span> <span class='ocrx_word' id='word_1_31' title='bbox 473 526 654 601; x_wconf 85' lang='lat' dir='ltr'><strong>appellemus</strong></span> <span class='ocrx_word' id='word_1_32' title='bbox 668 524 735 584; x_wconf 89' lang='lat' dir='ltr'>suis.</span> <span class='ocrx_word' id='word_1_33' title='bbox 779 523 968 597; x_wconf 89' lang='lat' dir='ltr'>Latrocinari,</span> <span class='ocrx_word' id='word_1_34' title='bbox 984 525 1126 598; x_wconf 83' lang='lat' dir='ltr'>fraudare,</span> 
     </span>
     <span class='ocr_line' id='line_1_6' title="bbox 76 621 1127 699; baseline 0.002 -19"><span class='ocrx_word' id='word_1_35' title='bbox 76 622 242 682; x_wconf 86' lang='lat' dir='ltr'>adulterare</span> <span class='ocrx_word' id='word_1_36' title='bbox 263 642 294 682; x_wconf 90' lang='lat' dir='ltr'>re</span> <span class='ocrx_word' id='word_1_37' title='bbox 315 633 400 699; x_wconf 88' lang='lat' dir='ltr'>turpe</span> <span class='ocrx_word' id='word_1_38' title='bbox 421 633 473 695; x_wconf 91' lang='lat' dir='ltr'>est,</span> <span class='ocrx_word' id='word_1_39' title='bbox 489 623 543 682; x_wconf 91' lang='lat' dir='ltr'>sed</span> <span class='ocrx_word' id='word_1_40' title='bbox 564 622 669 682; x_wconf 89' lang='lat' dir='ltr'>dicitur</span> <span class='ocrx_word' id='word_1_41' title='bbox 690 643 751 682; x_wconf 92' lang='lat' dir='ltr'>non</span> <span class='ocrx_word' id='word_1_42' title='bbox 773 623 900 684; x_wconf 85' lang='lat' dir='ltr'><strong>obscene</strong></span> <span class='ocrx_word' id='word_1_43' title='bbox 910 642 919 695; x_wconf 82' lang='lat'>3</span> <span class='ocrx_word' id='word_1_44' title='bbox 939 621 1036 682; x_wconf 91' lang='lat' dir='ltr'>liberis</span> <span class='ocrx_word' id='word_1_45' title='bbox 1058 622 1127 682; x_wconf 91' lang='lat' dir='ltr'>dare</span> 
     </span>
     <span class='ocr_line' id='line_1_7' title="bbox 76 719 1170 796; baseline -0.002 -17"><span class='ocrx_word' id='word_1_46' title='bbox 76 738 198 796; x_wconf 88' lang='lat' dir='ltr'>operam</span> <span class='ocrx_word' id='word_1_47' title='bbox 212 739 243 781; x_wconf 91' lang='lat' dir='ltr'>re</span> <span class='ocrx_word' id='word_1_48' title='bbox 257 722 415 781; x_wconf 89' lang='lat' dir='ltr'>honestum</span> <span class='ocrx_word' id='word_1_49' title='bbox 429 731 481 793; x_wconf 90' lang='lat' dir='ltr'>est,</span> <span class='ocrx_word' id='word_1_50' title='bbox 497 719 617 780; x_wconf 90' lang='lat' dir='ltr'>nomine</span> <span class='ocrx_word' id='word_1_51' title='bbox 632 721 803 793; x_wconf 91' lang='lat' dir='ltr'>obscenum,</span> <span class='ocrx_word' id='word_1_52' title='bbox 852 719 992 796; x_wconf 84' lang='lat' dir='ltr'>pluraque</span> <span class='ocrx_word' id='word_1_53' title='bbox 1011 719 1042 777; x_wconf 92' lang='lat' dir='ltr'>in</span> <span class='ocrx_word' id='word_1_54' title='bbox 1060 738 1127 779; x_wconf 89' lang='lat' dir='ltr'>eam</span> <span class='ocrx_word' id='word_1_55' title='bbox 1157 742 1170 788; x_wconf 86' lang='lat'>5</span> 
     </span>
     <span class='ocr_line' id='line_1_8' title="bbox 76 815 1127 892; baseline 0.001 -17"><span class='ocrx_word' id='word_1_56' title='bbox 76 815 256 876; x_wconf 89' lang='lat' dir='ltr'>senteutiam</span> <span class='ocrx_word' id='word_1_57' title='bbox 276 817 314 877; x_wconf 92' lang='lat' dir='ltr'>ab</span> <span class='ocrx_word' id='word_1_58' title='bbox 334 816 448 877; x_wconf 89' lang='lat' dir='ltr'>eisdem</span> <span class='ocrx_word' id='word_1_59' title='bbox 469 827 571 892; x_wconf 87' lang='lat' dir='ltr'>contra</span> <span class='ocrx_word' id='word_1_60' title='bbox 590 817 799 877; x_wconf 89' lang='lat' dir='ltr'>verecundiam</span> <span class='ocrx_word' id='word_1_61' title='bbox 821 816 1011 892; x_wconf 88' lang='lat' dir='ltr'>disputantur.</span> <span class='ocrx_word' id='word_1_62' title='bbox 1063 818 1127 876; x_wconf 91' lang='lat' dir='ltr'>Nos</span> 
     </span>
     <span class='ocr_line' id='line_1_9' title="bbox 77 914 1129 991; baseline 0 -19"><span class='ocrx_word' id='word_1_63' title='bbox 77 924 179 974; x_wconf 90' lang='lat' dir='ltr'>autem</span> <span class='ocrx_word' id='word_1_64' title='bbox 200 926 334 975; x_wconf 89' lang='lat' dir='ltr'>naturam</span> <span class='ocrx_word' id='word_1_65' title='bbox 355 934 511 991; x_wconf 91' lang='lat' dir='ltr'>sequamur</span> <span class='ocrx_word' id='word_1_66' title='bbox 528 926 561 974; x_wconf 87' lang='lat' dir='ltr'>et</span> <span class='ocrx_word' id='word_1_67' title='bbox 581 916 618 975; x_wconf 88' lang='lat' dir='ltr'>ab</span> <span class='ocrx_word' id='word_1_68' title='bbox 640 914 730 988; x_wconf 90' lang='lat' dir='ltr'>omni,</span> <span class='ocrx_word' id='word_1_69' title='bbox 746 916 829 991; x_wconf 91' lang='lat' dir='ltr'>quod</span> <span class='ocrx_word' id='word_1_70' title='bbox 846 915 982 974; x_wconf 89' lang='lat' dir='ltr'>abhorret</span> <span class='ocrx_word' id='word_1_71' title='bbox 1003 915 1041 974; x_wconf 87' lang='lat' dir='ltr'>ab</span> <span class='ocrx_word' id='word_1_72' title='bbox 1062 934 1129 974; x_wconf 93' lang='lat' dir='ltr'>ocu-</span> 
     </span>
     <span class='ocr_line' id='line_1_10' title="bbox 77 1009 1127 1089; baseline 0 -20"><span class='ocrx_word' id='word_1_73' title='bbox 77 1009 175 1070; x_wconf 90' lang='lat' dir='ltr'>lorum</span> <span class='ocrx_word' id='word_1_74' title='bbox 209 1011 382 1088; x_wconf 83' lang='lat' dir='ltr'>auriumque</span> <span class='ocrx_word' id='word_1_75' title='bbox 417 1011 636 1089; x_wconf 86' lang='lat' dir='ltr'>approbatione,</span> <span class='ocrx_word' id='word_1_76' title='bbox 666 1011 819 1088; x_wconf 83' lang='lat' dir='ltr'>fugiamus.</span> <span class='ocrx_word' id='word_1_77' title='bbox 863 1013 960 1070; x_wconf 91' lang='lat' dir='ltr'>Status</span> <span class='ocrx_word' id='word_1_78' title='bbox 987 1010 1127 1083; x_wconf 89' lang='lat' dir='ltr'>incessus,</span> 
     </span>
     <span class='ocr_line' id='line_1_11' title="bbox 77 1105 1130 1182; baseline -0.003 -15"><span class='ocrx_word' id='word_1_79' title='bbox 77 1107 170 1168; x_wconf 89' lang='lat' dir='ltr'>sessio</span> <span class='ocrx_word' id='word_1_80' title='bbox 197 1108 354 1182; x_wconf 90' lang='lat' dir='ltr'>accubiti0,</span> <span class='ocrx_word' id='word_1_81' title='bbox 382 1110 479 1168; x_wconf 89' lang='lat' dir='ltr'>vultus</span> <span class='ocrx_word' id='word_1_82' title='bbox 507 1107 593 1182; x_wconf 91' lang='lat' dir='ltr'>oculi,</span> <span class='ocrx_word' id='word_1_83' title='bbox 615 1128 757 1167; x_wconf 88' lang='lat' dir='ltr'>manuum</span> <span class='ocrx_word' id='word_1_84' title='bbox 784 1118 882 1168; x_wconf 89' lang='lat' dir='ltr'>motus</span> <span class='ocrx_word' id='word_1_85' title='bbox 909 1117 1029 1166; x_wconf 85' lang='lat' dir='ltr'>teneant</span> <span class='ocrx_word' id='word_1_86' title='bbox 1055 1105 1130 1165; x_wconf 92' lang='lat' dir='ltr'>illud</span> 
     </span>
     <span class='ocr_line' id='line_1_12' title="bbox 78 1205 1173 1283; baseline 0.001 -18"><span class='ocrx_word' id='word_1_87' title='bbox 78 1206 231 1266; x_wconf 89' lang='lat' dir='ltr'>decorum.</span> <span class='ocrx_word' id='word_1_88' title='bbox 290 1226 354 1283; x_wconf 86' lang='lat'><strong>129.</strong></span> <span class='ocrx_word' id='word_1_89' title='bbox 398 1205 515 1281; x_wconf 89' lang='lat' dir='ltr'>Quibus</span> <span class='ocrx_word' id='word_1_90' title='bbox 529 1206 560 1264; x_wconf 93' lang='lat' dir='ltr'>in</span> <span class='ocrx_word' id='word_1_91' title='bbox 574 1206 661 1265; x_wconf 91' lang='lat' dir='ltr'>rebus</span> <span class='ocrx_word' id='word_1_92' title='bbox 675 1207 736 1265; x_wconf 92' lang='lat' dir='ltr'>duo</span> <span class='ocrx_word' id='word_1_93' title='bbox 750 1205 876 1264; x_wconf 84' lang='lat' dir='ltr'>maxime</span> <span class='ocrx_word' id='word_1_94' title='bbox 891 1217 958 1265; x_wconf 90' lang='lat' dir='ltr'>sunt</span> <span class='ocrx_word' id='word_1_95' title='bbox 972 1205 1118 1283; x_wconf 82' lang='lat' dir='ltr'>fugienda,</span> <span class='ocrx_word' id='word_1_96' title='bbox 1145 1234 1173 1267; x_wconf 87' lang='lat'>10</span> 
     </span>
     <span class='ocr_line' id='line_1_13' title="bbox 78 1301 1127 1378; baseline 0.001 -18"><span class='ocrx_word' id='word_1_97' title='bbox 78 1321 116 1361; x_wconf 91' lang='lat' dir='ltr'>ne</span> <span class='ocrx_word' id='word_1_98' title='bbox 130 1302 207 1378; x_wconf 92' lang='lat' dir='ltr'>quid</span> <span class='ocrx_word' id='word_1_99' title='bbox 226 1302 428 1363; x_wconf 85' lang='lat' dir='ltr'>effeminatum</span> <span class='ocrx_word' id='word_1_100' title='bbox 442 1313 493 1361; x_wconf 87' lang='lat' dir='ltr'>aut</span> <span class='ocrx_word' id='word_1_101' title='bbox 507 1304 596 1362; x_wconf 91' lang='lat' dir='ltr'>molle</span> <span class='ocrx_word' id='word_1_102' title='bbox 616 1313 646 1362; x_wconf 92' lang='lat' dir='ltr'>et</span> <span class='ocrx_word' id='word_1_103' title='bbox 663 1323 700 1362; x_wconf 91' lang='lat' dir='ltr'>ne</span> <span class='ocrx_word' id='word_1_104' title='bbox 715 1301 789 1378; x_wconf 90' lang='lat' dir='ltr'>quid</span> <span class='ocrx_word' id='word_1_105' title='bbox 803 1303 910 1362; x_wconf 91' lang='lat' dir='ltr'>durum</span> <span class='ocrx_word' id='word_1_106' title='bbox 924 1314 975 1362; x_wconf 89' lang='lat' dir='ltr'>aut</span> <span class='ocrx_word' id='word_1_107' title='bbox 989 1302 1127 1362; x_wconf 89' lang='lat' dir='ltr'>rusticum</span> 
     </span>
     <span class='ocr_line' id='line_1_14' title="bbox 78 1398 1128 1476; baseline 0.003 -19"><span class='ocrx_word' id='word_1_108' title='bbox 78 1398 122 1458; x_wconf 75' lang='lat' dir='ltr'>sit„</span> <span class='ocrx_word' id='word_1_109' title='bbox 166 1402 234 1459; x_wconf 87' lang='lat' dir='ltr'>Nec</span> <span class='ocrx_word' id='word_1_110' title='bbox 248 1419 317 1460; x_wconf 90' lang='lat' dir='ltr'>vero</span> <span class='ocrx_word' id='word_1_111' title='bbox 332 1399 522 1460; x_wconf 88' lang='lat' dir='ltr'>histrionibus</span> <span class='ocrx_word' id='word_1_112' title='bbox 542 1400 761 1476; x_wconf 85' lang='lat' dir='ltr'>oratoribusque</span> <span class='ocrx_word' id='word_1_113' title='bbox 780 1401 1007 1459; x_wconf 92' lang='lat' dir='ltr'>concedendum</span> <span class='ocrx_word' id='word_1_114' title='bbox 1028 1412 1080 1474; x_wconf 90' lang='lat' dir='ltr'>est,</span> <span class='ocrx_word' id='word_1_115' title='bbox 1096 1413 1128 1459; x_wconf 92' lang='lat' dir='ltr'>ut</span> 
     </span>
     <span class='ocr_line' id='line_1_15' title="bbox 77 1495 1128 1573; baseline 0.002 -18"><span class='ocrx_word' id='word_1_116' title='bbox 77 1495 111 1556; x_wconf 92' lang='lat' dir='ltr'>iis</span> <span class='ocrx_word' id='word_1_117' title='bbox 130 1497 208 1556; x_wconf 89' lang='lat' dir='ltr'>haec</span> <span class='ocrx_word' id='word_1_118' title='bbox 225 1507 295 1573; x_wconf 87' lang='lat' dir='ltr'>apta</span> <span class='ocrx_word' id='word_1_119' title='bbox 315 1496 381 1570; x_wconf 91' lang='lat' dir='ltr'>siut,</span> <span class='ocrx_word' id='word_1_120' title='bbox 396 1496 482 1557; x_wconf 85' lang='lat' dir='ltr'>nobis</span> <span class='ocrx_word' id='word_1_121' title='bbox 503 1496 652 1556; x_wconf 84' lang='lat' dir='ltr'>dissoluta</span> <span class='ocrx_word' id='word_1_122' title='bbox 695 1497 901 1556; x_wconf 86' lang='lat' dir='ltr'>Scaenicorum</span> <span class='ocrx_word' id='word_1_123' title='bbox 923 1497 1043 1573; x_wconf 92' lang='lat' dir='ltr'>quidem</span> <span class='ocrx_word' id='word_1_124' title='bbox 1064 1517 1128 1557; x_wconf 91' lang='lat' dir='ltr'>mos</span> 
     </span>
     <span class='ocr_line' id='line_1_16' title="bbox 77 1593 1128 1670; baseline -0.002 -17"><span class='ocrx_word' id='word_1_125' title='bbox 77 1604 191 1653; x_wconf 82' lang='lat' dir='ltr'>tantam</span> <span class='ocrx_word' id='word_1_126' title='bbox 222 1594 312 1653; x_wconf 87' lang='lat' dir='ltr'>habet</span> <span class='ocrx_word' id='word_1_127' title='bbox 332 1605 429 1654; x_wconf 91' lang='lat' dir='ltr'>vetere</span> <span class='ocrx_word' id='word_1_128' title='bbox 460 1593 615 1670; x_wconf 87' lang='lat' dir='ltr'>disciplina</span> <span class='ocrx_word' id='word_1_129' title='bbox 641 1593 857 1666; x_wconf 89' lang='lat' dir='ltr'>verecundiam,</span> <span class='ocrx_word' id='word_1_130' title='bbox 879 1605 912 1653; x_wconf 90' lang='lat' dir='ltr'>ut</span> <span class='ocrx_word' id='word_1_131' title='bbox 939 1593 970 1652; x_wconf 89' lang='lat' dir='ltr'>in</span> <span class='ocrx_word' id='word_1_132' title='bbox 991 1613 1128 1653; x_wconf 82' lang='lat' dir='ltr'>scaenam</span> 
     </span>
     <span class='ocr_line' id='line_1_17' title="bbox 79 1690 1202 1768; baseline 0.001 -18"><span class='ocrx_word' id='word_1_133' title='bbox 79 1691 140 1751; x_wconf 90' lang='lat' dir='ltr'>sine</span> <span class='ocrx_word' id='word_1_134' title='bbox 169 1690 352 1767; x_wconf 85' lang='lat' dir='ltr'>subligaculo</span> <span class='ocrx_word' id='word_1_135' title='bbox 372 1692 496 1767; x_wconf 89' lang='lat' dir='ltr'>prodeat</span> <span class='ocrx_word' id='word_1_136' title='bbox 520 1710 627 1764; x_wconf 75' lang='lat' dir='ltr'>neme,</span> <span class='ocrx_word' id='word_1_137' title='bbox 661 1702 797 1750; x_wconf 89' lang='lat' dir='ltr'>verentur</span> <span class='ocrx_word' id='word_1_138' title='bbox 823 1690 902 1749; x_wconf 86' lang='lat' dir='ltr'>eninr</span> <span class='ocrx_word' id='word_1_139' title='bbox 940 1711 987 1763; x_wconf 88' lang='lat' dir='ltr'>ne,</span> <span class='ocrx_word' id='word_1_140' title='bbox 1016 1690 1041 1750; x_wconf 93' lang='lat' dir='ltr'>si</span> <span class='ocrx_word' id='word_1_141' title='bbox 1068 1711 1128 1767; x_wconf 89' lang='lat' dir='ltr'>quo</span> <span class='ocrx_word' id='word_1_142' title='bbox 1146 1719 1152 1751; x_wconf 86' lang='grc' dir='ltr'>ι</span> <span class='ocrx_word' id='word_1_143' title='bbox 1158 1719 1171 1768; x_wconf 81' lang='lat'>5</span> <span class='ocrx_word' id='word_1_144' title='bbox 1199 1746 1202 1751; x_wconf 78' lang='grc'><strong><em>,</em></strong></span> 
     </span>
     <span class='ocr_line' id='line_1_18' title="bbox 78 1786 1129 1865; baseline -0.001 -18"><span class='ocrx_word' id='word_1_145' title='bbox 78 1806 147 1847; x_wconf 89' lang='lat' dir='ltr'>casu</span> <span class='ocrx_word' id='word_1_146' title='bbox 169 1787 301 1848; x_wconf 87' lang='lat' dir='ltr'>evenerit</span> <span class='ocrx_word' id='word_1_147' title='bbox 316 1798 349 1847; x_wconf 91' lang='lat' dir='ltr'>ut</span> <span class='ocrx_word' id='word_1_148' title='bbox 368 1786 497 1863; x_wconf 91' lang='lat' dir='ltr'>corporis</span> <span class='ocrx_word' id='word_1_149' title='bbox 515 1798 612 1863; x_wconf 89' lang='lat' dir='ltr'>partes</span> <span class='ocrx_word' id='word_1_150' title='bbox 634 1789 778 1863; x_wconf 88' lang='lat' dir='ltr'>quaedam</span> <span class='ocrx_word' id='word_1_151' title='bbox 800 1787 974 1863; x_wconf 89' lang='lat' dir='ltr'>aperiantur,</span> <span class='ocrx_word' id='word_1_152' title='bbox 990 1787 1129 1865; x_wconf 86' lang='lat' dir='ltr'>aspician-</span> 
     </span>
     <span class='ocr_line' id='line_1_19' title="bbox 77 1883 1128 1961; baseline 0.002 -18"><span class='ocrx_word' id='word_1_153' title='bbox 77 1895 124 1943; x_wconf 91' lang='lat' dir='ltr'>tur</span> <span class='ocrx_word' id='word_1_154' title='bbox 137 1904 202 1944; x_wconf 92' lang='lat' dir='ltr'>non</span> <span class='ocrx_word' id='word_1_155' title='bbox 217 1885 332 1944; x_wconf 89' lang='lat' dir='ltr'>decore.</span> <span class='ocrx_word' id='word_1_156' title='bbox 376 1886 486 1944; x_wconf 91' lang='lat' dir='ltr'>Nostro</span> <span class='ocrx_word' id='word_1_157' title='bbox 501 1883 623 1959; x_wconf 90' lang='lat' dir='ltr'>quidem</span> <span class='ocrx_word' id='word_1_158' title='bbox 637 1903 719 1943; x_wconf 90' lang='lat' dir='ltr'>more</span> <span class='ocrx_word' id='word_1_159' title='bbox 738 1904 806 1942; x_wconf 92' lang='lat' dir='ltr'>cum</span> <span class='ocrx_word' id='word_1_160' title='bbox 820 1884 990 1960; x_wconf 88' lang='lat' dir='ltr'>parentibus</span> <span class='ocrx_word' id='word_1_161' title='bbox 1003 1886 1128 1961; x_wconf 81' lang='lat' dir='ltr'>puberes</span> 
     </span>
     <span class='ocr_line' id='line_1_20' title="bbox 78 1981 1129 2060; baseline 0.003 -19"><span class='ocrx_word' id='word_1_162' title='bbox 78 1983 136 2055; x_wconf 86' lang='lat' dir='ltr'>filii,</span> <span class='ocrx_word' id='word_1_163' title='bbox 160 2003 231 2042; x_wconf 89' lang='lat' dir='ltr'>cum</span> <span class='ocrx_word' id='word_1_164' title='bbox 253 1981 361 2042; x_wconf 89' lang='lat' dir='ltr'>soceris</span> <span class='ocrx_word' id='word_1_165' title='bbox 381 1981 482 2059; x_wconf 86' lang='lat' dir='ltr'>generi</span> <span class='ocrx_word' id='word_1_166' title='bbox 501 2002 564 2041; x_wconf 90' lang='lat' dir='ltr'>non</span> <span class='ocrx_word' id='word_1_167' title='bbox 584 1984 723 2043; x_wconf 86' lang='lat' dir='ltr'>lavantur.</span> <span class='ocrx_word' id='word_1_168' title='bbox 776 1983 946 2043; x_wconf 90' lang='lat' dir='ltr'>Retinenda</span> <span class='ocrx_word' id='word_1_169' title='bbox 973 1983 1059 2060; x_wconf 89' lang='lat' dir='ltr'>igitur</span> <span class='ocrx_word' id='word_1_170' title='bbox 1085 1995 1129 2044; x_wconf 93' lang='lat' dir='ltr'>est</span> 
     </span>
     <span class='ocr_line' id='line_1_21' title="bbox 69 2079 1129 2158; baseline -0.001 -16"><span class='ocrx_word' id='word_1_171' title='bbox 69 2082 164 2142; x_wconf 91' lang='lat' dir='ltr'>huius</span> <span class='ocrx_word' id='word_1_172' title='bbox 186 2080 302 2158; x_wconf 89' lang='lat' dir='ltr'>generis</span> <span class='ocrx_word' id='word_1_173' title='bbox 330 2079 515 2153; x_wconf 89' lang='lat' dir='ltr'>verecundia,</span> <span class='ocrx_word' id='word_1_174' title='bbox 538 2080 707 2158; x_wconf 89' lang='lat' dir='ltr'>praesertim</span> <span class='ocrx_word' id='word_1_175' title='bbox 728 2093 831 2140; x_wconf 88' lang='lat' dir='ltr'>natura</span> <span class='ocrx_word' id='word_1_176' title='bbox 851 2080 914 2157; x_wconf 88' lang='lat' dir='ltr'>ipsa</span> <span class='ocrx_word' id='word_1_177' title='bbox 937 2081 1073 2158; x_wconf 86' lang='lat' dir='ltr'>magistra</span> <span class='ocrx_word' id='word_1_178' title='bbox 1100 2092 1129 2141; x_wconf 94' lang='lat' dir='ltr'>et</span> 
     </span>
    </p>

    <p class='ocr_par' dir='ltr' id='par_1_4' title="bbox 31 2176 1173 3514">
     <span class='ocr_line' id='line_1_22' title="bbox 31 2176 1173 2264; baseline 0.002 -28"><span class='ocrx_word' id='word_1_179' title='bbox 31 2199 66 2251; x_wconf 75' lang='lat' dir='ltr'>[tl</span> <span class='ocrx_word' id='word_1_180' title='bbox 96 2213 145 2264; x_wconf 66' lang='lat' dir='ltr'>(Bb)</span> <span class='ocrx_word' id='word_1_181' title='bbox 159 2213 292 2263; x_wconf 48' lang='lat' dir='ltr'>Duwose,</span> <span class='ocrx_word' id='word_1_182' title='bbox 331 2178 416 2237; x_wconf 87' lang='lat' dir='ltr'>duce.</span> <span class='ocrx_word' id='word_1_183' title='bbox 475 2197 539 2252; x_wconf 86' lang='lat'>130.</span> <span class='ocrx_word' id='word_1_184' title='bbox 584 2178 660 2238; x_wconf 92' lang='lat' dir='ltr'>Cum</span> <span class='ocrx_word' id='word_1_185' title='bbox 688 2188 787 2247; x_wconf 83' lang='lat' dir='ltr'>autem</span> <span class='ocrx_word' id='word_1_186' title='bbox 814 2176 1039 2252; x_wconf 89' lang='lat' dir='ltr'>pulchritudinis</span> <span class='ocrx_word' id='word_1_187' title='bbox 1067 2179 1128 2238; x_wconf 93' lang='lat' dir='ltr'>duo</span> <span class='ocrx_word' id='word_1_188' title='bbox 1145 2205 1173 2238; x_wconf 73' lang='lat' dir='ltr'>;o</span> 
     </span>
     <span class='ocr_line' id='line_1_23' title="bbox 78 2264 1128 2365; baseline 0.001 -32"><span class='ocrx_word' id='word_1_189' title='bbox 78 2264 293 2365; x_wconf 48' lang='lat' dir='ltr'>{ffrssssassfacgfssolsff</span> <span class='ocrx_word' id='word_1_190' title='bbox 331 2294 439 2350; x_wconf 88' lang='lat' dir='ltr'>genera</span> <span class='ocrx_word' id='word_1_191' title='bbox 465 2275 531 2347; x_wconf 91' lang='lat' dir='ltr'>sint,</span> <span class='ocrx_word' id='word_1_192' title='bbox 554 2293 680 2350; x_wconf 90' lang='lat' dir='ltr'>quorum</span> <span class='ocrx_word' id='word_1_193' title='bbox 708 2275 738 2333; x_wconf 92' lang='lat' dir='ltr'>in</span> <span class='ocrx_word' id='word_1_194' title='bbox 760 2277 851 2334; x_wconf 87' lang='lat' dir='ltr'>altero</span> <span class='ocrx_word' id='word_1_195' title='bbox 871 2286 1079 2351; x_wconf 57' lang='lat' dir='ltr'>venustasaeest,</span> <span class='ocrx_word' id='word_1_196' title='bbox 1097 2275 1128 2335; x_wconf 91' lang='lat' dir='ltr'>in</span> 
     </span>
     <span class='ocr_line' id='line_1_24' title="bbox 78 2365 1128 2446; baseline 0.005 -18"><span class='ocrx_word' id='word_1_197' title='bbox 78 2365 188 2416; x_wconf 47' lang='lat' dir='ltr'>msto&amp;</span> <span class='ocrx_word' id='word_1_198' title='bbox 333 2372 424 2429; x_wconf 89' lang='lat' dir='ltr'>altero</span> <span class='ocrx_word' id='word_1_199' title='bbox 452 2369 586 2446; x_wconf 87' lang='lat' dir='ltr'>dignitas,</span> <span class='ocrx_word' id='word_1_200' title='bbox 608 2381 793 2430; x_wconf 89' lang='lat' dir='ltr'>venustatem</span> <span class='ocrx_word' id='word_1_201' title='bbox 820 2371 993 2431; x_wconf 90' lang='lat' dir='ltr'>muliebrem</span> <span class='ocrx_word' id='word_1_202' title='bbox 1020 2373 1128 2433; x_wconf 88' lang='lat' dir='ltr'>ducere</span> 
     </span>
     <span class='ocr_line' id='line_1_25' title="bbox 79 2465 1128 2544; baseline 0.005 -19"><span class='ocrx_word' id='word_1_203' title='bbox 79 2466 232 2540; x_wconf 87' lang='lat' dir='ltr'>debemus,</span> <span class='ocrx_word' id='word_1_204' title='bbox 243 2465 416 2543; x_wconf 89' lang='lat' dir='ltr'>dignitatem</span> <span class='ocrx_word' id='word_1_205' title='bbox 425 2467 545 2527; x_wconf 89' lang='lat' dir='ltr'>virilem.</span> <span class='ocrx_word' id='word_1_206' title='bbox 580 2470 659 2544; x_wconf 89' lang='lat' dir='ltr'>Ergo</span> <span class='ocrx_word' id='word_1_207' title='bbox 670 2479 725 2527; x_wconf 89' lang='lat' dir='ltr'>eta</span> <span class='ocrx_word' id='word_1_208' title='bbox 736 2470 830 2527; x_wconf 88' lang='lat' dir='ltr'>forma</span> <span class='ocrx_word' id='word_1_209' title='bbox 839 2481 1022 2530; x_wconf 90' lang='lat' dir='ltr'>removeatur</span> <span class='ocrx_word' id='word_1_210' title='bbox 1032 2471 1128 2530; x_wconf 91' lang='lat' dir='ltr'>omnis</span> 
     </span>
     <span class='ocr_line' id='line_1_26' title="bbox 76 2561 1128 2643; baseline 0.006 -23"><span class='ocrx_word' id='word_1_211' title='bbox 76 2561 138 2621; x_wconf 80' lang='lat' dir='ltr'>viro</span> <span class='ocrx_word' id='word_1_212' title='bbox 153 2581 217 2621; x_wconf 93' lang='lat' dir='ltr'>non</span> <span class='ocrx_word' id='word_1_213' title='bbox 232 2562 338 2639; x_wconf 88' lang='lat' dir='ltr'>dignus</span> <span class='ocrx_word' id='word_1_214' title='bbox 352 2573 470 2622; x_wconf 88' lang='lat' dir='ltr'>omatus</span> <span class='ocrx_word' id='word_1_215' title='bbox 495 2573 524 2622; x_wconf 91' lang='lat' dir='ltr'>et</span> <span class='ocrx_word' id='word_1_216' title='bbox 537 2562 607 2622; x_wconf 94' lang='lat' dir='ltr'>huic</span> <span class='ocrx_word' id='word_1_217' title='bbox 621 2563 714 2623; x_wconf 90' lang='lat' dir='ltr'>simile</span> <span class='ocrx_word' id='word_1_218' title='bbox 728 2563 830 2622; x_wconf 92' lang='lat' dir='ltr'>vitium</span> <span class='ocrx_word' id='word_1_219' title='bbox 844 2564 875 2622; x_wconf 92' lang='lat' dir='ltr'>in</span> <span class='ocrx_word' id='word_1_220' title='bbox 889 2576 972 2641; x_wconf 89' lang='lat' dir='ltr'>gestu</span> <span class='ocrx_word' id='word_1_221' title='bbox 986 2577 1128 2643; x_wconf 90' lang='lat' dir='ltr'>motuque</span> 
     </span>
     <span class='ocr_line' id='line_1_27' title="bbox 79 2658 1171 2737; baseline 0.005 -19"><span class='ocrx_word' id='word_1_222' title='bbox 79 2670 224 2737; x_wconf 76' lang='lat' dir='ltr'>caveatur.</span> <span class='ocrx_word' id='word_1_223' title='bbox 268 2661 347 2717; x_wconf 90' lang='lat' dir='ltr'>Nam</span> <span class='ocrx_word' id='word_1_224' title='bbox 363 2670 393 2718; x_wconf 92' lang='lat' dir='ltr'>et</span> <span class='ocrx_word' id='word_1_225' title='bbox 411 2658 575 2735; x_wconf 82' lang='lat' dir='ltr'>palaestrici</span> <span class='ocrx_word' id='word_1_226' title='bbox 596 2670 693 2718; x_wconf 88' lang='lat' dir='ltr'>motus</span> <span class='ocrx_word' id='word_1_227' title='bbox 716 2669 783 2718; x_wconf 92' lang='lat' dir='ltr'>sunt</span> <span class='ocrx_word' id='word_1_228' title='bbox 807 2679 894 2735; x_wconf 89' lang='lat' dir='ltr'>saepe</span> <span class='ocrx_word' id='word_1_229' title='bbox 917 2660 1078 2722; x_wconf 92' lang='lat' dir='ltr'>odiosiores</span> <span class='ocrx_word' id='word_1_230' title='bbox 1099 2674 1128 2723; x_wconf 89' lang='lat' dir='ltr'>et</span> <span class='ocrx_word' id='word_1_231' title='bbox 1143 2688 1171 2735; x_wconf 79' lang='lat'>25</span> 
     </span>
     <span class='ocr_line' id='line_1_28' title="bbox 79 2753 1128 2839; baseline 0 -23"><span class='ocrx_word' id='word_1_232' title='bbox 79 2755 256 2839; x_wconf 83' lang='lat' dir='ltr'>histrionum</span> <span class='ocrx_word' id='word_1_233' title='bbox 270 2773 331 2814; x_wconf 89' lang='lat' dir='ltr'>non</span> <span class='ocrx_word' id='word_1_234' title='bbox 352 2754 424 2812; x_wconf 93' lang='lat' dir='ltr'>nulli</span> <span class='ocrx_word' id='word_1_235' title='bbox 442 2764 541 2831; x_wconf 87' lang='lat' dir='ltr'>gestus</span> <span class='ocrx_word' id='word_1_236' title='bbox 560 2753 677 2831; x_wconf 89' lang='lat' dir='ltr'>ineptiis</span> <span class='ocrx_word' id='word_1_237' title='bbox 695 2774 756 2814; x_wconf 92' lang='lat' dir='ltr'>non</span> <span class='ocrx_word' id='word_1_238' title='bbox 773 2766 879 2814; x_wconf 87' lang='lat' dir='ltr'>vacant</span> <span class='ocrx_word' id='word_1_239' title='bbox 905 2767 935 2814; x_wconf 91' lang='lat' dir='ltr'>et</span> <span class='ocrx_word' id='word_1_240' title='bbox 956 2755 988 2814; x_wconf 91' lang='lat' dir='ltr'>in</span> <span class='ocrx_word' id='word_1_241' title='bbox 1004 2766 1128 2832; x_wconf 88' lang='lat' dir='ltr'>utroque</span> 
     </span>
     <span class='ocr_line' id='line_1_29' title="bbox 78 2850 1127 2929; baseline 0.003 -18"><span class='ocrx_word' id='word_1_242' title='bbox 78 2870 186 2929; x_wconf 84' lang='lat' dir='ltr'>genere</span> <span class='ocrx_word' id='word_1_243' title='bbox 200 2870 277 2928; x_wconf 86' lang='lat' dir='ltr'>quae</span> <span class='ocrx_word' id='word_1_244' title='bbox 292 2863 360 2910; x_wconf 91' lang='lat' dir='ltr'>sunt</span> <span class='ocrx_word' id='word_1_245' title='bbox 373 2862 453 2910; x_wconf 89' lang='lat' dir='ltr'>recta</span> <span class='ocrx_word' id='word_1_246' title='bbox 469 2862 498 2911; x_wconf 91' lang='lat' dir='ltr'>et</span> <span class='ocrx_word' id='word_1_247' title='bbox 517 2850 660 2928; x_wconf 88' lang='lat' dir='ltr'>simplicia</span> <span class='ocrx_word' id='word_1_248' title='bbox 677 2854 840 2912; x_wconf 87' lang='lat' dir='ltr'>laudantur.</span> <span class='ocrx_word' id='word_1_249' title='bbox 884 2855 1008 2913; x_wconf 90' lang='lat' dir='ltr'>Formae</span> <span class='ocrx_word' id='word_1_250' title='bbox 1029 2865 1127 2914; x_wconf 88' lang='lat' dir='ltr'>autem</span> 
     </span>
     <span class='ocr_line' id='line_1_30' title="bbox 80 2946 1129 3027; baseline 0.002 -18"><span class='ocrx_word' id='word_1_251' title='bbox 80 2949 207 3027; x_wconf 86' lang='lat' dir='ltr'>dignitas</span> <span class='ocrx_word' id='word_1_252' title='bbox 221 2948 328 3008; x_wconf 89' lang='lat' dir='ltr'>coloris</span> <span class='ocrx_word' id='word_1_253' title='bbox 342 2946 473 3008; x_wconf 89' lang='lat' dir='ltr'>bonitate</span> <span class='ocrx_word' id='word_1_254' title='bbox 492 2950 604 3008; x_wconf 88' lang='lat' dir='ltr'>tuenda</span> <span class='ocrx_word' id='word_1_255' title='bbox 622 2961 674 3022; x_wconf 88' lang='lat' dir='ltr'>est,</span> <span class='ocrx_word' id='word_1_256' title='bbox 692 2951 774 3009; x_wconf 93' lang='lat' dir='ltr'>color</span> <span class='ocrx_word' id='word_1_257' title='bbox 794 2949 1049 3011; x_wconf 88' lang='lat' dir='ltr'>exercitationibus</span> <span class='ocrx_word' id='word_1_258' title='bbox 1068 2972 1129 3011; x_wconf 90' lang='lat' dir='ltr'>cor-</span> 
     </span>
     <span class='ocr_line' id='line_1_31' title="bbox 79 3048 1128 3127; baseline 0.001 -18"><span class='ocrx_word' id='word_1_259' title='bbox 79 3049 165 3126; x_wconf 89' lang='lat' dir='ltr'>poris.</span> <span class='ocrx_word' id='word_1_260' title='bbox 209 3048 391 3108; x_wconf 91' lang='lat' dir='ltr'>Adhibenda</span> <span class='ocrx_word' id='word_1_261' title='bbox 410 3060 560 3125; x_wconf 88' lang='lat' dir='ltr'>praeterea</span> <span class='ocrx_word' id='word_1_262' title='bbox 579 3049 724 3108; x_wconf 89' lang='lat' dir='ltr'>munditia</span> <span class='ocrx_word' id='word_1_263' title='bbox 744 3061 788 3109; x_wconf 91' lang='lat' dir='ltr'>est</span> <span class='ocrx_word' id='word_1_264' title='bbox 813 3069 874 3108; x_wconf 93' lang='lat' dir='ltr'>non</span> <span class='ocrx_word' id='word_1_265' title='bbox 902 3049 1005 3108; x_wconf 90' lang='lat' dir='ltr'>odiosa</span> <span class='ocrx_word' id='word_1_266' title='bbox 1031 3069 1128 3127; x_wconf 88' lang='lat' dir='ltr'>neque</span> 
     </span>
     <span class='ocr_line' id='line_1_32' title="bbox 80 3147 1173 3226; baseline -0.002 -18"><span class='ocrx_word' id='word_1_267' title='bbox 80 3148 226 3226; x_wconf 85' lang='lat' dir='ltr'>exquisita</span> <span class='ocrx_word' id='word_1_268' title='bbox 246 3147 341 3220; x_wconf 92' lang='lat' dir='ltr'>nimis,</span> <span class='ocrx_word' id='word_1_269' title='bbox 363 3158 478 3206; x_wconf 90' lang='lat' dir='ltr'>tantum</span> <span class='ocrx_word' id='word_1_270' title='bbox 500 3167 575 3224; x_wconf 91' lang='lat' dir='ltr'>quae</span> <span class='ocrx_word' id='word_1_271' title='bbox 597 3147 687 3223; x_wconf 84' lang='lat' dir='ltr'>fugiat</span> <span class='ocrx_word' id='word_1_272' title='bbox 708 3159 851 3223; x_wconf 83' lang='lat' dir='ltr'>agrestem</span> <span class='ocrx_word' id='word_1_273' title='bbox 879 3158 909 3206; x_wconf 92' lang='lat' dir='ltr'>et</span> <span class='ocrx_word' id='word_1_274' title='bbox 936 3147 1128 3206; x_wconf 87' lang='lat' dir='ltr'>inhumanam</span> <span class='ocrx_word' id='word_1_275' title='bbox 1143 3174 1173 3222; x_wconf 65' lang='lat'>30</span> 
     </span>
     <span class='ocr_line' id='line_1_33' title="bbox 80 3244 1128 3324; baseline 0 -19"><span class='ocrx_word' id='word_1_276' title='bbox 80 3244 304 3324; x_wconf 88' lang='lat' dir='ltr'>neglegentiam.</span> <span class='ocrx_word' id='word_1_277' title='bbox 348 3245 463 3304; x_wconf 89' lang='lat' dir='ltr'>Eadem</span> <span class='ocrx_word' id='word_1_278' title='bbox 476 3244 550 3304; x_wconf 89' lang='lat' dir='ltr'>ratio</span> <span class='ocrx_word' id='word_1_279' title='bbox 564 3255 609 3303; x_wconf 91' lang='lat' dir='ltr'>est</span> <span class='ocrx_word' id='word_1_280' title='bbox 625 3245 763 3304; x_wconf 89' lang='lat' dir='ltr'>habenda</span> <span class='ocrx_word' id='word_1_281' title='bbox 775 3245 904 3318; x_wconf 71' lang='lat' dir='ltr'>vestitus</span> <span class='ocrx_word' id='word_1_282' title='bbox 920 3245 951 3304; x_wconf 93' lang='lat' dir='ltr'>in</span> <span class='ocrx_word' id='word_1_283' title='bbox 969 3266 1039 3322; x_wconf 92' lang='lat' dir='ltr'>quo,</span> <span class='ocrx_word' id='word_1_284' title='bbox 1054 3246 1128 3306; x_wconf 90' lang='lat' dir='ltr'>sicut</span> 
     </span>
     <span class='ocr_line' id='line_1_34' title="bbox 80 3340 1129 3420; baseline 0.003 -21"><span class='ocrx_word' id='word_1_285' title='bbox 80 3340 109 3400; x_wconf 91' lang='lat' dir='ltr'>in</span> <span class='ocrx_word' id='word_1_286' title='bbox 128 3341 278 3420; x_wconf 91' lang='lat' dir='ltr'>plerisque</span> <span class='ocrx_word' id='word_1_287' title='bbox 298 3341 394 3414; x_wconf 89' lang='lat' dir='ltr'>rebus,</span> <span class='ocrx_word' id='word_1_288' title='bbox 416 3340 603 3400; x_wconf 89' lang='lat' dir='ltr'>mediocritas</span> <span class='ocrx_word' id='word_1_289' title='bbox 623 3341 735 3418; x_wconf 88' lang='lat' dir='ltr'>optima</span> <span class='ocrx_word' id='word_1_290' title='bbox 753 3352 805 3401; x_wconf 91' lang='lat' dir='ltr'>est.</span> <span class='ocrx_word' id='word_1_291' title='bbox 852 3361 915 3416; x_wconf 86' lang='lat'>131.</span> <span class='ocrx_word' id='word_1_292' title='bbox 953 3344 1129 3402; x_wconf 90' lang='lat' dir='ltr'>Cavendum</span> 
     </span>
     <span class='ocr_line' id='line_1_35' title="bbox 80 3437 1127 3514; baseline 0.003 -18"><span class='ocrx_word' id='word_1_293' title='bbox 80 3449 177 3498; x_wconf 88' lang='lat' dir='ltr'>autem</span> <span class='ocrx_word' id='word_1_294' title='bbox 196 3449 242 3498; x_wconf 90' lang='lat' dir='ltr'>est</span> <span class='ocrx_word' id='word_1_295' title='bbox 261 3458 299 3498; x_wconf 92' lang='lat' dir='ltr'>ne</span> <span class='ocrx_word' id='word_1_296' title='bbox 321 3449 371 3498; x_wconf 92' lang='lat' dir='ltr'>aut</span> <span class='ocrx_word' id='word_1_297' title='bbox 390 3438 574 3498; x_wconf 85' lang='lat' dir='ltr'>tarditatibus</span> <span class='ocrx_word' id='word_1_298' title='bbox 597 3449 714 3497; x_wconf 85' lang='lat' dir='ltr'>utamur</span> <span class='ocrx_word' id='word_1_299' title='bbox 732 3437 763 3496; x_wconf 91' lang='lat' dir='ltr'>in</span> <span class='ocrx_word' id='word_1_300' title='bbox 785 3437 915 3514; x_wconf 86' lang='lat' dir='ltr'>ingressu</span> <span class='ocrx_word' id='word_1_301' title='bbox 938 3439 1127 3512; x_wconf 89' lang='lat' dir='ltr'>mollioribus,</span> 
     </span>
    </p>

    <p class='ocr_par' dir='ltr' id='par_1_5' title="bbox 46 3535 1130 3614">
     <span class='ocr_line' id='line_1_36' title="bbox 46 3535 1130 3614; baseline 0.002 -20"><span class='ocrx_word' id='word_1_302' title='bbox 46 3606 49 3611; x_wconf 36' lang='grc'><strong>,</strong></span> <span class='ocrx_word' id='word_1_303' title='bbox 80 3547 112 3596; x_wconf 90' lang='lat' dir='ltr'>ut</span> <span class='ocrx_word' id='word_1_304' title='bbox 130 3555 307 3614; x_wconf 91' lang='lat' dir='ltr'>pomparum</span> <span class='ocrx_word' id='word_1_305' title='bbox 328 3535 444 3596; x_wconf 87' lang='lat' dir='ltr'>ferculis</span> <span class='ocrx_word' id='word_1_306' title='bbox 465 3535 574 3594; x_wconf 90' lang='lat' dir='ltr'>similes</span> <span class='ocrx_word' id='word_1_307' title='bbox 595 3554 659 3594; x_wconf 90' lang='lat' dir='ltr'>esse</span> <span class='ocrx_word' id='word_1_308' title='bbox 677 3535 837 3608; x_wconf 88' lang='lat' dir='ltr'>videamur,</span> <span class='ocrx_word' id='word_1_309' title='bbox 853 3546 904 3594; x_wconf 89' lang='lat' dir='ltr'>aut</span> <span class='ocrx_word' id='word_1_310' title='bbox 920 3535 951 3593; x_wconf 92' lang='lat' dir='ltr'>in</span> <span class='ocrx_word' id='word_1_311' title='bbox 971 3536 1130 3596; x_wconf 88' lang='lat' dir='ltr'>festinatio·</span> 
     </span>
    </p>

    <p class='ocr_par' dir='ltr' id='par_1_6' title="bbox 57 3630 1172 3817">
     <span class='ocr_line' id='line_1_37' title="bbox 57 3630 1172 3708; baseline 0 -17"><span class='ocrx_word' id='word_1_312' title='bbox 57 3686 59 3691; x_wconf 91' lang='lat'><em>.</em></span> <span class='ocrx_word' id='word_1_313' title='bbox 83 3631 165 3692; x_wconf 92' lang='lat' dir='ltr'>nibus</span> <span class='ocrx_word' id='word_1_314' title='bbox 182 3630 378 3708; x_wconf 90' lang='lat' dir='ltr'>suscipiamus</span> <span class='ocrx_word' id='word_1_315' title='bbox 392 3631 498 3692; x_wconf 88' lang='lat' dir='ltr'>nimias</span> <span class='ocrx_word' id='word_1_316' title='bbox 511 3631 683 3706; x_wconf 88' lang='lat' dir='ltr'>celeritates,</span> <span class='ocrx_word' id='word_1_317' title='bbox 714 3652 789 3708; x_wconf 87' lang='lat' dir='ltr'>quae</span> <span class='ocrx_word' id='word_1_318' title='bbox 804 3652 872 3690; x_wconf 94' lang='lat' dir='ltr'>cum</span> <span class='ocrx_word' id='word_1_319' title='bbox 886 3635 967 3706; x_wconf 87' lang='lat' dir='ltr'>fiunt,</span> <span class='ocrx_word' id='word_1_320' title='bbox 983 3632 1129 3692; x_wconf 89' lang='lat' dir='ltr'>anhelitus</span> <span class='ocrx_word' id='word_1_321' title='bbox 1143 3657 1172 3706; x_wconf 76' lang='lat'>35</span> 
     </span>
     <span class='ocr_line' id='line_1_38' title="bbox 82 3730 1129 3817; baseline 0.002 -30"><span class='ocrx_word' id='word_1_322' title='bbox 82 3740 244 3801; x_wconf 87' lang='lat' dir='ltr'>moventur,</span> <span class='ocrx_word' id='word_1_323' title='bbox 266 3730 362 3817; x_wconf 81' lang='lat' dir='ltr'>vultus</span> <span class='ocrx_word' id='word_1_324' title='bbox 383 3740 540 3800; x_wconf 84' lang='lat' dir='ltr'>mutantur,</span> <span class='ocrx_word' id='word_1_325' title='bbox 556 3749 606 3789; x_wconf 85' lang='lat' dir='ltr'>ora</span> <span class='ocrx_word' id='word_1_326' title='bbox 626 3740 799 3806; x_wconf 88' lang='lat' dir='ltr'>torquentur</span> <span class='ocrx_word' id='word_1_327' title='bbox 809 3750 817 3803; x_wconf 75' lang='lat'>5</span> <span class='ocrx_word' id='word_1_328' title='bbox 839 3730 1002 3806; x_wconf 86' lang='lat' dir='ltr'>exquibus</span> <span class='ocrx_word' id='word_1_329' title='bbox 1023 3751 1129 3808; x_wconf 84' lang='lat' dir='ltr'>magna</span> 
     </span>
    </p>
   </div>
   <div class='ocr_carea' id='block_1_4' title="bbox 83 3825 1147 3906">
    <p class='ocr_par' dir='ltr' id='par_1_7' title="bbox 83 3825 1147 3906">
     <span class='ocr_line' id='line_1_39' title="bbox 83 3825 1147 3906; baseline 0.002 -21"><span class='ocrx_word' id='word_1_330' title='bbox 83 3825 254 3905; x_wconf 84' lang='lat' dir='ltr'>significatio</span> <span class='ocrx_word' id='word_1_331' title='bbox 268 3828 300 3885; x_wconf 82' lang='lat' dir='ltr'>fit</span> <span class='ocrx_word' id='word_1_332' title='bbox 313 3846 372 3886; x_wconf 92' lang='lat' dir='ltr'>non</span> <span class='ocrx_word' id='word_1_333' title='bbox 387 3829 491 3889; x_wconf 86' lang='lat' dir='ltr'>adesse</span> <span class='ocrx_word' id='word_1_334' title='bbox 505 3828 711 3892; x_wconf 83' lang='lat' dir='ltr'>constantiam.</span> <span class='ocrx_word' id='word_1_335' title='bbox 757 3829 820 3894; x_wconf 78' lang='lat' dir='ltr'>Sed</span> <span class='ocrx_word' id='word_1_336' title='bbox 833 3832 929 3894; x_wconf 77' lang='lat' dir='ltr'>multo</span> <span class='ocrx_word' id='word_1_337' title='bbox 944 3830 1041 3893; x_wconf 74' lang='lat' dir='ltr'>edam</span> <span class='ocrx_word' id='word_1_338' title='bbox 1047 3828 1147 3906; x_wconf 65' lang='lat' dir='ltr'>mags</span> 
     </span>
    </p>
   </div>
   <div class='ocr_carea' id='block_1_5' title="bbox 0 0 1265 4192">
    <p class='ocr_par' dir='ltr' id='par_1_8' title="bbox 0 0 1265 4192">
     <span class='ocr_line' id='line_1_40' title="bbox 0 0 1265 4192; baseline 0 0"><span class='ocrx_word' id='word_1_339' title='bbox 0 0 1265 4192; x_wconf 95' lang='lat' dir='ltr'> </span> 
     </span>
    </p>
   </div>
  </div>
 </body>
</html>
