2512 4192
115 145 149 226 11
163 182 208 224 xv
223 163 275 247 53]
512 168 562 227 De
579 166 749 244 beneficentia
1128 182 1166 242 79

114 327 330 423 ffiffiffifb
367 333 469 412 ligioni
490 342 647 392 nocentem
666 332 834 408 aliquando,
850 332 943 392 modo
962 349 1000 390 ne
1019 330 1165 391 nefarium

367 429 559 507 impiumque,
588 427 756 488 defendere.
808 429 881 486 Vult
907 429 967 487 hoc
994 427 1163 501 multitudo,

113 528 224 606 patitur
244 530 440 600 consuetudo,
455 529 511 586 fert
533 524 621 585 etiam
639 524 815 584 humanitas.
860 524 972 585 Iudicis
990 535 1036 585 est
1050 543 1166 601 semper

133 673 329 726 Mesoqudge
367 627 398 684 in
422 622 518 683 causis
539 641 640 682 vemm
663 621 754 698 sequi,
778 620 895 698 patroni
917 639 978 680 non
1000 641 1165 698 numquam

113 725 154 765 Μ
182 725 325 766 Admau·
366 720 427 782 veri
439 719 542 791 simile,
556 717 646 778 etiam
659 718 684 777 si
698 717 796 777 minus
810 717 848 777 sit
861 737 973 790 verum,
989 718 1163 780 defendere:
1192 756 1206 803 5

113 775 253 876 {mog
266 789 328 865 ἓξωῖ
366 818 449 894 quod
473 815 608 887 scribere,
631 814 802 891 praesertim
824 833 893 873 cum
916 814 954 873 de
975 813 1164 891 philosophia

113 874 174 925 cially
196 875 292 915 honoura
307 875 327 916 le
414 915 419 926 ,
858 910 889 922 ,,
925 910 931 922 ,

113 925 327 975 againstsomepow-
366 916 533 986 scriberem,
562 931 624 972 non
656 913 804 983 auderem,
834 931 891 970 nrsr
916 911 1004 970 idem
1034 913 1164 988 placeret

113 975 292 1026 “mmm‘'
365 1007 537 1088 gravissimo
561 1005 727 1067 Stoicorum
754 1005 905 1066 Panaetio.
950 1008 1091 1066 Maxume
1114 1026 1163 1066 au-

113 1121 173 1169 tem
194 1119 227 1168 et
247 1107 339 1186 gloria
358 1105 470 1183 paritur
490 1114 520 1164 et
540 1102 632 1181 gratia
652 1101 875 1162 defensionibus
903 1120 1000 1177 eoque
1020 1101 1121 1177 maior,
1137 1101 1163 1162 si

114 1206 236 1281 quando
256 1204 365 1264 accidit
385 1214 419 1264 ut
439 1202 467 1262 ei
488 1200 683 1272 subveniatur,
699 1198 751 1275 qui
769 1197 901 1275 potentis
918 1196 1041 1258 alicuius
1054 1197 1161 1275 opibus
1176 1223 1206 1256 lo

113 1301 318 1362 circumveniri
329 1298 505 1378 urguerique
512 1296 654 1370 videatur,
664 1305 696 1354 ut
707 1315 763 1356 nos
772 1306 803 1356 et
817 1314 905 1371 saepe
919 1294 990 1353 alias
1005 1304 1034 1354 et
1047 1295 1162 1356 adules-

112 1409 214 1460 centes
225 1411 329 1459 contra
340 1399 477 1458 L.Sullae
488 1394 667 1457 dominantis
678 1412 750 1471 opes
760 1411 815 1470 pro
825 1394 889 1452 Sex.
897 1391 1008 1452 Roscio
1018 1392 1161 1456 Amerino

112 1495 244 1568 fecimus,
261 1513 347 1571 quae,
361 1503 394 1552 ut
408 1491 473 1566 sciS,
489 1501 568 1552 extat
582 1489 684 1550 oratio.

63 1636 71 1652 .
153 1656 158 1666 ι
426 1605 472 1665 52.
495 1588 554 1648 Sed
564 1587 702 1664 expositis
713 1583 949 1646 adulescentium
961 1583 1072 1659 officiis,
1082 1605 1159 1662 quae

113 1655 325 1765 fisswffleij
362 1688 479 1746 valeant
498 1685 537 1744 ad
559 1684 682 1761 gloriam
705 1684 937 1761 adipiscendam,
960 1683 1101 1761 deinceps
1120 1685 1158 1746 de
1173 1704 1201 1752 15

114 1756 236 1807 heum*
364 1777 605 1842 beneficentia
643 1799 677 1839 ac
699 1782 736 1840 de
757 1780 975 1840 liberalitate
996 1780 1158 1841 dicendum

133 1843 171 1874 cti.
185 1841 306 1873 XV-XXlV.

138 1898 192 1939 Two
221 1910 281 1945 ways
306 1897 332 1938 or
364 1888 427 1938 est:
453 1877 537 1937 cuius
562 1887 607 1936 est
634 1875 709 1936 ratio
730 1877 846 1953 duplex.
890 1879 970 1936 Nam
994 1889 1045 1936 aut
1069 1896 1159 1954 opera

112 1947 327 2057 ssffl'ffi‘nkebrl
365 1976 492 2053 benigne
515 1977 548 2034 fit
567 1973 768 2051 indigentibus
785 1985 837 2033 aut
855 1973 989 2051 pecunia
1033 1974 1158 2034 Facilior

114 2061 170 2088 vice
213 2047 257 2088 and
298 2048 311 2088 b
612 2071 618 2083 ·
815 2071 821 2082 .
968 2071 974 2082 .
1110 2071 1115 2082 .

112 2111 211 2148 money,
222 2061 327 2138 otenel
363 2084 408 2133 est
422 2075 496 2132 haec
509 2083 662 2149 posterior,
682 2072 823 2147 locupleti
837 2083 1016 2147 praesertim,
1036 2072 1090 2130 sed
1108 2072 1158 2130 1lla

114 2147 268 2248 ξζηωζζξγῗ
288 2148 337 2239 {li
364 2169 470 2229 lautior
483 2188 518 2227 ac
533 2166 715 2245 splendidior
734 2179 764 2226 et
777 2166 840 2226 viro
855 2166 922 2226 forti
938 2169 1077 2245 claroque
1096 2167 1157 2244 dig·
1170 2191 1202 2224 20

115 2247 327 2339 {ff,¹{,¹1¹{“h⁶¹¹¹⁰‘⁸
363 2266 436 2326 nior.
481 2267 671 2341 Quamquam
690 2264 770 2341 enim
790 2264 820 2323 in
840 2276 967 2342 utroque
985 2265 1061 2324 inest
1074 2263 1158 2342 grati-

111 2362 221 2422 ficandi
242 2363 369 2422 liberalis
388 2364 534 2434 voluntas,
557 2373 657 2421 tamen
672 2364 764 2421 altera
783 2381 821 2422 ex
841 2380 916 2433 arca,
939 2364 1029 2422 altera
1049 2382 1085 2422 ex
1104 2363 1158 2422 vir-

110 2473 174 2521 tute
196 2459 387 2536 depromitur,
409 2459 595 2536 largitioque,
618 2478 695 2535 quae
716 2459 749 2517 fit
770 2478 806 2518 ex
825 2479 856 2519 re
878 2459 1020 2533 familiari,
1042 2463 1156 2521 fontem

110 2558 209 2635 ipsum
233 2555 421 2633 benignitatis
450 2555 589 2616 exhaurit.
634 2557 682 2614 Ita
709 2554 888 2632 benignitate
912 2555 1076 2632 benignitas
1103 2559 1157 2617 tol·

108 2654 185 2726 litur,
215 2671 277 2728 qua
303 2671 364 2728 quo
391 2650 422 2711 in
449 2653 560 2740 Q
576 2670 646 2710 usus
675 2650 723 2723 sis,
747 2670 784 2711 eo
806 2650 904 2710 minus
926 2651 957 2709 in
979 2652 1155 2757 Qud
1168 2626 1250 2748 ἡ

107 2748 211 2826 possis.
258 2764 303 2823 53.
346 2749 387 2806 At
408 2746 460 2823 qui
481 2765 579 2823 opera,
601 2745 634 2805 id
654 2756 699 2807 est
719 2745 825 2811 virtute
845 2756 876 2805 et
896 2745 1048 2819 industria,
1067 2747 1155 2808 bene

108 2844 155 2904 fici
179 2854 211 2903 et
239 2843 372 2902 liberales
393 2852 488 2916 erunt,
512 2842 642 2919 primum
670 2861 731 2918 quo
759 2841 891 2918 pluribus
919 2843 1088 2919 profuerint,
1116 2863 1155 2905 eo

107 2941 205 3017 plures
230 2939 271 2998 ad
292 2937 419 3015 benigne
443 2937 613 2997 faciendum
637 2937 786 2998 adiutores
809 2938 961 2997 habebunt
968 2959 977 3012 3
992 2938 1062 2998 dein
1086 2959 1155 3000 con-

107 3033 266 3096 suetudine
286 3033 498 3094 beneficentiae
516 3033 675 3110 paratiores
695 3045 780 3094 erunt
794 3044 824 3094 et
845 3044 997 3111 tamquam
1017 3035 1154 3096 exercita-

108 3161 203 3203 m,
215 3173 322 3251 fem„
358 3128 447 3190 tiores
466 3131 505 3190 ad
519 3129 596 3188 bene
615 3131 654 3190 de
671 3128 771 3188 multis
787 3131 1025 3205 promerendum
1069 3133 1153 3191 Prae·
1167 3155 1198 3202 30

107 3211 321 3303 fflssssgffiffl
358 3227 436 3284 clare
460 3224 492 3286 in
519 3225 645 3302 epistula
672 3226 803 3301 quadam
830 3226 1032 3286 Alexandrum
1058 3226 1152 3286 filium

106 3324 202 3365 ΡΜ*
359 3321 513 3399 Philippus
533 3332 661 3394 accusat,
687 3322 770 3398 quod
794 3320 948 3398 largitione
975 3324 1152 3384 benevolen-

109 3417 180 3479 tiam
195 3418 400 3478 Macedonum
413 3428 617 3479 consectetur:
645 3418 800 3502 ‘Quae'ta
816 3419 940 3476 malum'
951 3417 1047 3495 inquit
1063 3419 1152 3479 ‘ratio
1237 3494 1239 3499 Ι

109 3511 140 3573 in
152 3512 240 3575 istam
254 3533 338 3591 spem
352 3512 476 3587 induxit,
492 3524 525 3573 ut
540 3533 592 3572 eos
606 3511 660 3573 tibi
673 3513 775 3572 fideles
793 3523 911 3589 putares
930 3515 1001 3587 fore,
1017 3533 1091 3591 quos
1104 3533 1153 3592 pe-

109 3607 197 3670 cunia
209 3608 411 3686 corrupisses?
450 3612 500 3672 An
514 3621 546 3668 tu
557 3608 590 3668 id
603 3608 673 3686 agis,
689 3620 722 3669 ut
738 3609 921 3670 Macedones
935 3628 997 3669 non
1010 3621 1040 3671 te
1052 3629 1151 3690 regem
1165 3640 1196 3693 3⁵

221 3828 251 3869 ar
268 3819 371 3880 utraque
382 3829 414 3866 sc.
428 3813 596 3880 beneficentiae
604 3817 702 3868 ratione
714 3817 796 3871 Heine
806 3818 848 3871 Lu
860 3827 946 3873 contro
958 3821 1026 3873 codd.
