2512 4192
101 163 139 223 54
439 141 630 201 Honestomm
650 140 823 216 comparatio
960 136 990 220 [1
1004 157 1072 200 xrrr
1088 159 1141 220 150

99 309 217 388 publice
237 308 357 370 venerit
400 308 450 367 Ad
465 326 619 381 summam,
642 325 681 366 ne
701 324 788 384 agam
807 306 845 366 de
865 304 997 382 singulis,
1014 325 1143 366 commu·
1177 332 1180 354 ι

100 426 169 468 nem
183 405 272 467 totius
286 403 401 482 generis
415 404 570 464 hominum
585 402 825 464 conciliationem
845 412 874 462 et
888 401 1141 466 consociationem

101 506 197 565 colere
211 503 286 564 tueri
300 520 414 562 servare
428 502 580 562 debemus

10 609 89 659 XLII
400 615 477 675 ·15o.
521 599 586 657 Iam
615 597 654 656 de
678 595 805 656 artificiis
833 605 864 656 et
888 594 1069 672 quaestibus,
1094 596 1142 673 qui

100 658 312 760 prffrlsssilf‘lhl‘ff
350 693 483 754 liberales
507 692 646 766 habendi,
672 692 723 770 qui
749 691 863 753 sordidi
890 692 958 766 sint,
986 693 1065 752 haec
1086 695 1176 754 feret

99 760 313 850 inliniriffii
351 791 527 868 accepimus.
570 790 702 850 Primum
724 789 927 868 improbantur
949 789 971 850 ii
995 800 1141 868 quaestus,

98 860 288 912 Why‘hqm‘
349 885 400 963 qui
418 885 449 944 in
467 885 538 945 odia
556 884 713 945 hominum
732 884 892 959 incurrunt,
906 895 941 946 ut
958 886 1141 962 portitomm,

99 994 133 1045 ut
146 986 367 1045 faeneratorum.
410 981 584 1043 Inliberales
597 992 698 1042 autem
712 992 742 1043 et
756 981 868 1042 sordidi
881 994 1024 1059 quaestus
1038 1002 1143 1044 merce·

100 1081 247 1141 nariomm
261 1080 403 1154 omnium,
416 1099 543 1156 quorum
556 1098 673 1156 operae,
688 1099 751 1140 non
762 1099 888 1156 quorum
901 1091 978 1140 artes
993 1091 1142 1156 emuntur,

101 1190 146 1238 est
162 1178 241 1238 enim
262 1176 294 1236 in
311 1176 368 1236 illis
387 1175 452 1252 ipsa
470 1194 583 1235 merces
605 1185 860 1236 auctoramentum
883 1176 1039 1238 servitutis.
1082 1179 1143 1239 Sor·
1155 1189 1177 1222 ¹0

100 1275 163 1336 didi
177 1275 267 1336 etiam
280 1272 405 1351 putandi
433 1271 484 1348 qui
500 1282 667 1332 mercantur
686 1292 704 1332 a
722 1272 935 1333 mercatoribus
949 1274 1033 1350 quod
1048 1273 1143 1334 statim

100 1373 245 1446 vendant3
265 1370 339 1431 nihil
353 1369 433 1429 enim
452 1368 616 1446 proficiant,
636 1367 694 1427 nisi
707 1370 870 1429 admodum
884 1369 1075 1445 mentiantur,
1089 1389 1144 1430 nec

100 1489 170 1529 vero
191 1478 235 1527 est
255 1465 414 1543 quicquam
441 1464 553 1542 turpius
580 1463 719 1525 vanitate.
763 1464 953 1542 Opificesque
980 1485 1087 1526 omnes
1114 1465 1144 1526 in
1181 1470 1184 1476 '

100 1564 220 1626 sordida
236 1574 297 1622 arte
316 1571 466 1621 versantur
474 1581 484 1633 3
499 1580 561 1621 nec
583 1561 663 1623 enim
684 1559 844 1637 quicquam
862 1560 1026 1637 ingenuum
1047 1573 1145 1640 potest

100 1663 207 1722 habere
226 1659 350 1720 officina.
393 1657 578 1735 Minimeque
598 1669 674 1718 artes
694 1676 747 1718 eae
764 1659 936 1735 probandae
949 1677 1030 1736 quae
1048 1659 1145 1720 minis
1157 1672 1178 1722 15

99 1770 161 1819 trae
175 1767 243 1818 sunt
256 1757 458 1832 voluptatum:

359 1865 454 1920 Cetdn’z‘
466 1863 537 1918 lania'
546 1870 616 1934 coqui
623 1862 734 1934 farto'res
745 1863 881 1934 piscatlres,

101 1982 133 2031 ut
147 1970 186 2030 ait
197 1967 359 2031 Terentius.
389 1965 477 2026 Adde
492 1966 550 2023 huc
561 1965 585 2024 si
599 1966 697 2042 placet
707 1965 926 2043 unguentarios,
939 1967 1093 2027 saltatores
1103 1976 1144 2027 to

288 2124 292 2133 ,
351 2071 473 2138 tumque
484 2062 588 2120 ludum
599 2061 740 2122 talarium.
780 2079 845 2138 151.
875 2063 913 2120 In
924 2061 1034 2138 quibus
1045 2072 1142 2122 autem

101 2126 206 2236 qffliie
218 2133 316 2216 difflui}
351 2158 461 2218 artibus
482 2169 532 2218 aut
551 2157 709 2236 prudentia
726 2159 821 2219 maior
835 2159 913 2219 inest
931 2170 983 2219 aut
1001 2179 1065 2220 non
1086 2180 1144 2222 me
1155 2177 1182 2211 το

99 2227 178 2269 mem.
350 2254 456 2316 diocris
472 2255 582 2315 utilitas
599 2255 753 2333 quaeritur,
774 2267 807 2316 ut
825 2255 982 2330 medicina,
1001 2268 1036 2317 ut
1054 2256 1144 2318 archi·

14 2340 16 2344 ¹
99 2365 219 2428 tectura,
240 2365 273 2415 ut
294 2354 427 2415 doctrina
447 2373 544 2414 rerum
566 2354 764 2427 honestarum,
787 2355 843 2414 hae
866 2364 934 2413 sunt
956 2353 992 2413 iis
1017 2373 1143 2431 quorum

99 2451 195 2513 ordini
216 2451 397 2512 conveniunt
417 2453 568 2511 honestae.
612 2454 782 2511 Mercatura
800 2462 909 2525 autern,
929 2449 955 2510 si
973 2451 1071 2511 tenuis
1091 2461 1142 2524 est,

98 2548 217 2608 sordida
239 2550 373 2626 putanda
393 2559 453 2609 est:
481 2549 527 2606 sin
549 2566 658 2625 magna
684 2558 713 2607 et
737 2547 869 2624 copiosa,
892 2548 986 2607 multa
1009 2546 1143 2624 undique

97 2656 256 2722 apportans
278 2645 437 2721 multisque
456 2643 519 2705 sine
538 2644 669 2704 vanitate
690 2643 870 2720 impertiens,
892 2663 954 2703 non
974 2654 1020 2704 est
1041 2646 1180 2709 admo-²⁵

97 2742 169 2800 dum
187 2741 389 2818 vituperanda,
410 2751 500 2817 atque
515 2739 605 2801 etiam
626 2739 650 2799 si
671 2740 776 2800 satiata
789 2751 913 2818 quaestu
932 2741 981 2800 vel
1001 2752 1143 2802 contenta

96 2837 203 2912 potius,
224 2848 257 2897 ut
271 2856 360 2913 saepe
374 2839 486 2897 exalto
507 2836 538 2896 in
558 2847 685 2914 portum,
708 2855 744 2896 ex
763 2836 829 2912 ipso
846 2847 935 2914 portu
952 2855 985 2896 se
1005 2836 1038 2896 in
1058 2857 1143 2915 agros

97 2932 358 3010 possessionesque
384 2932 518 3007 contulit,
538 2933 655 2994 videtur
674 2932 736 2993 iure
764 2933 878 3010 optimo
905 2952 994 3011 posse
1022 2933 1141 2995 laudari.

346 3030 490 3091 Omnium
504 3041 602 3091 autem
617 3049 721 3104 rerum,
738 3030 896 3107 exquibus
911 3029 1024 3107 aliquid
1042 3030 1143 3108 adqui·

97 3109 312 3202 mgffikffnffssssdssssff
350 3125 429 3199 ritur,
453 3125 526 3185 nihil
553 3130 598 3186 est
622 3126 683 3204 agri
707 3129 822 3187 cultura
848 3127 963 3201 melius,
985 3126 1061 3186 nihil
1081 3128 1182 3194 dul-30

353 3223 424 3298 cius,
444 3224 518 3285 nihil
533 3227 661 3300 uberius,
677 3225 750 3286 nihil
764 3226 886 3286 homine
899 3226 993 3286 libero
1007 3226 1141 3306 dignius:

98 3318 136 3378 de
154 3338 214 3394 qua
234 3318 376 3396 quoniam
393 3320 425 3379 in
443 3323 559 3383 Catone
577 3323 689 3383 maiore
707 3322 777 3383 satis
795 3323 889 3384 multa
909 3321 1047 3398 diximuS,
1068 3321 1141 3383 illim

98 3434 229 3476 assumes
244 3435 321 3494 quae
335 3418 374 3477 ad
387 3418 468 3479 hunc
481 3420 581 3480 locum
596 3419 792 3497 pertinebunt.

147 3581 400 3632 8mercermari0rum
416 3584 458 3633 Ba
493 3587 503 3642 ΙΙ
541 3599 570 3650 19
587 3584 676 3649 quibus
692 3591 775 3634 autem
790 3585 866 3643 codd,
883 3584 910 3634 in
925 3586 991 3650 quod
1003 3588 1063 3637 addi
1080 3588 1144 3638 iubet

90 3667 210 3711 'constans
223 3663 343 3712 Ciceronis
353 3679 420 3720 usus,
429 3664 477 3725 Lu,
489 3664 568 3713 Heine
598 3669 607 3722 ΙΙ
639 3665 846 3714 abcontuleritZ
873 3669 883 3723 ΙΙ
915 3665 1138 3727 31nihilhomine,

47 3785 49 3789 ,
97 3741 160 3791 nihil
182 3741 261 3791 libero
282 3742 380 3808 dignius
401 3744 466 3793 codd.
503 3747 513 3801 ΙΙ
549 3757 579 3808 3²
597 3742 659 3793 illim
681 3744 723 3794 Ba
744 3743 826 3794 Heine
844 3745 886 3794 Lu
906 3759 962 3793 cum
979 3745 1042 3794 mall.
1058 3743 1142 3797 codd:

95 3827 165 3876 illinc
176 3826 248 3890 vulgo
