2512 4192
58 178 74 235 l
90 192 124 234 1v
140 173 193 256 13]
314 177 363 234 Dr
381 176 490 237 honesti
509 187 617 239 natura
638 183 669 240 in
692 182 856 242 universum
1094 204 1110 260 7

56 336 216 408 rationem,
242 336 274 394 in
298 336 431 414 quinque
453 337 544 415 partis
569 340 703 401 distribui
725 342 835 400 debere
858 342 1006 418 reperitur.
1050 346 1110 405 Pri·
1183 406 1192 426 ‚

57 452 142 493 mum
155 432 245 509 igitur
259 443 304 492 est
317 435 355 493 de
369 435 504 509 honesto,
521 438 574 497 sed
595 436 759 513 dupliciter,
776 447 839 497 tum
859 437 922 515 pari
937 439 1050 502 ratione
1071 444 1110 503 de

57 529 132 603 utili,
147 539 218 606 post
231 530 270 588 de
285 530 507 607 comparatione
522 552 624 592 eorum
638 534 851 594 disserendum.

10 634 44 682 [V
57 657 126 700 pm,
173 657 273 711 generat
375 648 419 688 11.
465 629 611 722 Principio
629 629 730 706 generi
748 631 942 692 animantium
964 635 1046 695 omni
1066 647 1111 696 est
1184 642 1212 680 s

81 707 274 801 ffieeqqffigqtbe-
312 717 331 784 a
350 738 455 787 natura
469 727 620 801 tributum,
636 739 669 787 ut
689 748 730 801 se,
745 728 836 788 vitam
850 749 1016 808 corpusque
1030 744 1110 794 tuea-
1141 753 1154 801 5

107 849 261 880 cmiv-xm.
311 835 358 884 tur
381 823 510 884 declinet
535 843 680 903 eaquae
704 824 839 885 nocitura
861 825 1024 902 videantur,
1049 849 1111 890 om-

56 921 210 1014 aclslilgffir
223 934 272 1011 mff}
311 921 421 999 niaque
442 941 520 999 quae
543 923 601 982 sint
622 924 662 983 ad
683 923 843 984 vivendum
870 926 1035 986 necessaria
1062 948 1111 986 an-

56 1023 224 1124 3r¹gqgfisht
246 1035 274 1062 ⁰1
312 1018 408 1094 quirat
429 1030 459 1080 et
479 1030 570 1096 paret,
592 1031 625 1079 ut
645 1030 771 1096 pastum,
793 1031 827 1080 ut
846 1021 977 1095 latibula,
999 1034 1032 1083 ut
1053 1024 1110 1084 alia

310 1117 424 1197 generis
439 1115 578 1177 eiusdem.
623 1119 792 1178 Commune
802 1129 901 1178 autem
916 1119 1109 1181 animantium

310 1214 442 1279 omnium
461 1224 507 1273 est
527 1213 744 1275 coniunctionis
766 1215 915 1292 adpetitus
935 1222 1110 1293 procreandi
1127 1242 1155 1276 ιο

81 1313 131 1355 The
150 1313 273 1364 amamu-
312 1331 402 1372 causa
423 1321 454 1370 et
477 1330 547 1369 cura
568 1312 715 1387 quaedam
738 1331 940 1388 eorumquae
958 1326 1110 1390 procreata

54 1365 112 1416 jects
120 1329 150 1406 oi)
156 1365 223 1405 man's
236 1378 273 1404 na·

57 1415 114 1456 ‘ml
127 1416 273 1474 deira-³⁵
311 1420 387 1471 sunt.
430 1411 490 1468 Sed
504 1408 580 1468 inter
593 1409 745 1469 hominem
760 1420 790 1469 et
804 1412 923 1470 beluam
941 1412 1001 1471 hoc
1020 1412 1111 1471 maxi·

55 1465 273 1506 otallammals-are

56 1515 276 1606 seq-preservqtionf
311 1528 360 1568 me
379 1507 506 1580 interest,
527 1506 610 1582 quod
626 1507 837 1590 haecptantum
857 1518 1110 1603 quanturnfsensu
1166 1512 1199 1554 f

56 1579 201 1659 iisiiiiiaga
211 1579 264 1606 ¹⁰³⁰
313 1613 455 1675 movetur,
470 1602 509 1662 ad
523 1600 555 1662 id
569 1604 665 1662 solum
680 1603 761 1679 quod
775 1604 860 1664 adest
873 1605 1015 1681 quodque
1028 1624 1109 1682 prae-

311 1719 378 1760 sens
413 1709 457 1758 est
491 1717 523 1757 se
550 1699 767 1771 accommodat,
796 1700 918 1775 paulum
945 1702 1108 1763 admodum
1126 1722 1152 1769 15

57 1799 191 1862 sentiens
205 1799 396 1876 praeteritum
408 1807 460 1856 aut
473 1797 610 1855 futurum.
634 1797 738 1878 Homo
752 1798 975 1874 autem-quod
989 1797 1109 1859 rationis

58 1909 105 1957 est
132 1897 289 1974 particeps,
315 1914 370 1972 per
395 1912 487 1971 quam
514 1893 730 1970 consequentia
754 1893 857 1967 cernit,
882 1913 986 1954 causas
1012 1914 1109 1954 rerum

56 1994 141 2055 videt
155 2011 316 2069 earumque
337 2010 507 2068 progressus
526 2000 555 2050 et
569 1989 653 2067 quasi
670 1990 890 2050 antecessiones
909 2010 971 2051 non
984 1990 1108 2068 ignorat,

56 2089 266 2151 similitudines
294 2099 445 2165 comparat
469 2089 617 2163 rebusque
638 2087 841 2164 praesentibus
862 2087 996 2164 adiungit
1019 2099 1108 2166 atque

56 2188 190 2248 annectit
210 2186 458 2261 suturas-facile
477 2183 567 2246 totius
587 2183 666 2244 vitae
687 2204 805 2244 cursum
821 2183 903 2244 videt
923 2188 962 2245 ad
983 2205 1109 2267 eamque
1123 2215 1154 2247 20

81 2295 273 2356 ,Asanintelligent
311 2286 479 2362 degendam
496 2294 652 2361 praeparat
667 2302 713 2343 res
731 2283 919 2344 necessarias.
973 2303 1017 2344 12.
1054 2287 1109 2345 Ea·

54 2346 273 2499 Ξέἓξῗὲἰὲιὲξὲἷ
313 2380 442 2457 demque
456 2389 561 2439 natura
574 2378 603 2438 vi
617 2377 738 2439 rationis
748 2379 900 2439 hominem
909 2378 1048 2440 conciliat
1058 2381 1110 2441 ho-

55 2498 150 2549 tinguat
161 2498 206 2538 urm
218 2497 272 2537 nom
309 2476 382 2537 mmi
410 2488 440 2537 et
467 2477 506 2536 ad
533 2475 673 2537 orationis
701 2477 792 2536 etad
819 2475 898 2536 vitae
926 2474 1107 2550 societatem,

56 2547 270 2589 thebrutecreation:
312 2575 317 2586 .
548 2574 554 2585 .
641 2573 647 2584 .
682 2572 689 2584 .
823 2572 830 2585 .

56 2612 84 2639 an
100 2598 224 2640 inclination
239 2598 272 2637 for
309 2585 519 2652 lngeneratqlle
545 2594 577 2632 ln
604 2593 706 2651 pl'lmlS
733 2592 925 2650 praeclpllllm
959 2576 1108 2651 quendam

56 2649 122 2690 social
142 2649 271 2689 intercourse
464 2671 470 2681 ·
630 2669 637 2681 ·
796 2669 802 2681 ·
926 2670 933 2683 .
1028 2672 1034 2683 .

56 2699 99 2740 and
112 2712 127 2740 a
144 2698 222 2748 regard
239 2698 272 2737 ior
310 2691 441 2732 amorem
463 2690 493 2730 ln
515 2690 566 2730 eOS
587 2690 639 2747 qur
659 2681 804 2747 pl'OCl'eail
825 2680 903 2744 sunt,
924 2672 1108 2749 Impeliltque
1122 2692 1152 2740 25

56 2747 272 2840 mmmm
310 2779 344 2828 ut
362 2767 517 2827 hominum
538 2776 641 2826 coetus
660 2776 691 2826 et
710 2766 922 2826 celebrationes
943 2778 972 2827 et
993 2787 1057 2828 esse
1079 2779 1109 2828 et
1152 2784 1155 2788 ’

56 2884 75 2923 a
102 2883 136 2925 se
163 2863 240 2948 obiri
265 2863 338 2923 velit
365 2864 405 2923 ob
433 2881 542 2939 easque
569 2881 673 2921 causas
701 2863 818 2922 studeat
845 2881 947 2940 parare
972 2882 1008 2922 ea
1031 2883 1109 2940 quae
1164 2890 1195 2923 t

57 2962 250 3042 suppeditent
272 2962 313 3022 ad
336 2963 449 3021 cultum
471 2961 562 3020 etad
585 2959 707 3031 victum,
729 2978 786 3020 nec
804 2958 861 3019 sibi
879 2958 943 3033 soli,
966 2962 1020 3021 sed
1040 2980 1109 3021 con-

57 3062 118 3141 iugi
131 3060 231 3122 liberis
244 3058 409 3136 ceterisque
422 3077 499 3135 quos
513 3078 597 3119 caros
610 3059 720 3118 habeat
732 3057 867 3136 tuerique
881 3060 1010 3121 debeat:
1032 3080 1109 3138 quae
1200 3095 1204 3106 ·

58 3178 129 3220 cura
143 3157 302 3220 exsuscitat
316 3156 407 3216 etiam
420 3156 535 3218 animos
545 3167 575 3216 et
588 3154 714 3216 maiores
728 3156 768 3216 ad
782 3175 844 3215 rem
855 3148 1015 3234 gerendam
1028 3159 1105 3219 facit.
1122 3183 1154 3232 30

81 3311 101 3338 2
128 3296 188 3347 ruso,
206 3309 220 3336 a
236 3296 272 3337 de·
313 3272 358 3328 13.
395 3256 432 3312 In
446 3253 608 3331 primisque
618 3252 747 3314 hominis
762 3265 806 3314 est
814 3255 933 3333 propria
943 3254 1109 3334 'veriiuqui

57 3346 275 3441 fggofffflfflffi
312 3352 379 3412 sitio
393 3362 483 3429 atque
497 3349 693 3428 investigatio.
736 3353 843 3430 Itaque
861 3371 929 3411 cum
943 3371 1045 3413 sumus
1058 3373 1108 3414 ne*

57 3447 153 3491 οἵω
310 3450 443 3512 cessariis
456 3450 582 3528 negotiis
597 3448 733 3527 curisque
746 3450 841 3526 vacui,
850 3461 915 3512 tum
929 3471 1050 3512 avernus
1059 3452 1110 3512 ali·

58 3548 132 3626 quid
144 3548 247 3610 videre
258 3549 360 3610 audire
369 3548 532 3622 addiscere,
542 3547 804 3634 cognitionemque
812 3568 910 3609 rerum
920 3560 971 3609 aut
981 3551 1109 3610 occulta-

57 3665 123 3707 rum
136 3656 189 3706 aut
202 3645 419 3706 admirabilium
433 3645 474 3707 ad
487 3645 574 3706 beate
583 3644 743 3706 vivendum
751 3644 947 3705 necessariam
960 3644 1107 3706 ducimus.
1121 3661 1152 3714 35

78 3757 295 3824 ,6declinetque
314 3759 352 3808 Or
364 3765 449 3810 contra
469 3759 535 3810 codd.
572 3760 582 3817 ll
617 3758 711 3823 9item
720 3764 778 3824 post
786 3758 934 3809 Manutium
944 3758 986 3810 Ba
996 3756 1109 3818 Heinel

58 3842 88 3894 18
106 3856 264 3909 praegressus
272 3841 353 3892 Heme
359 3840 404 3892 Lu
410 3850 497 3892 contra
506 3839 572 3895 codd.
