2512 4192
76 173 139 255 ‚36
197 183 200 190 ’
404 175 454 232 De
476 175 671 250 Temperantia
691 181 718 233 ct
735 177 844 234 Decoro
946 172 974 255 [I
990 192 1143 252 xxw1197

99 387 215 438 consisting
235 387 257 428 tn
276 388 312 428 the
351 351 381 400 et
393 344 529 416 generale
538 343 691 418 quoddam
702 343 842 402 decorum
850 342 1056 420 intellegimus
1067 344 1145 419 quod

97 438 313 538 {ssssss'gsmssgytssefffls
351 436 381 496 in
409 436 491 495 omni
518 439 673 498 honestate
699 449 838 511 versatur,
854 448 884 497 et
897 438 979 497 aliud
999 438 1070 497 huic
1083 440 1145 500 sub

98 538 313 638 fflssfasnliss'ssiiiiij
350 532 468 604 iectum,
497 533 578 608 quod
606 533 731 610 pertinet
759 533 799 591 ad
826 532 955 609 singulas
977 544 1076 609 partes
1096 534 1145 594 ho

98 638 318 738 {pgdtpgeerffingaffi
350 631 479 691 nestatis.
521 633 622 707 Atque
642 630 715 690 illud
735 629 868 706 superius
890 629 932 689 sic
952 632 1013 690 fere
1035 629 1145 691 definiri

98 738 312 838 {oglrgggtpaffirbffi
350 728 431 800 solet,
450 729 607 788 ‘decorum
621 726 654 787 id
668 747 739 800 esse,
757 728 839 804 quod
856 738 1092 788 consentaneum
1111 728 1145 788 sit
1168 749 1178 797 5

99 838 141 928 {¹2}
153 852 196 928 iim
210 839 312 940 erpffi
349 827 476 887 hominis
498 826 688 888 excellentiae
709 826 740 885 in
760 846 806 899 eo,
828 825 859 885 in
880 846 941 903 quo
962 838 1067 885 natura
1087 826 1144 886 eius

99 946 179 980 extent.
349 941 367 981 a
387 923 505 1000 reliquis
526 923 724 984 animantibus
748 923 880 982 differat!
936 924 1023 997 Quae
1051 934 1145 984 autem

349 1038 415 1096 pars
436 1020 567 1081 subiecta
586 1020 686 1098 generi
707 1031 760 1093 est,
783 1040 848 1080 eam
869 1019 911 1079 sic
939 1019 1094 1094 definiunt,
1114 1031 1144 1080 ut

102 1112 149 1172 ‘id
164 1115 304 1173 decorum
318 1116 408 1175 velint
422 1136 498 1177 esse,
508 1118 589 1194 quod
610 1117 651 1176 ita
671 1127 792 1176 naturae
806 1126 1045 1176 consentaneum
1056 1116 1101 1190 sit,
1115 1127 1145 1176 ut

99 1208 130 1268 in
149 1210 368 1275 eomod'eratio
390 1224 418 1272 et
439 1212 632 1290 temperantia
651 1224 789 1290 appareat
810 1233 878 1271 cum
899 1211 999 1289 specie
1021 1214 1144 1289 quadam
1156 1229 1177 1267 ιο

18 1315 86 1364 VIII
125 1371 312 1413 Illustrationtrom
350 1307 478 1369 liberali'
521 1327 567 1385 97.
605 1312 692 1370 Haec
712 1309 753 1369 ita
773 1309 902 1386 intellegi
924 1328 1083 1386 possumus
1103 1329 1144 1370 εκ·

98 1422 219 1481 pqottcat
262 1423 313 1464 Pro·
351 1416 478 1464 rst1mare
499 1425 535 1464 ex
555 1425 591 1465 eo
613 1406 731 1478 decoro,
754 1407 836 1482 quod
856 1408 962 1481 poetae
977 1416 1142 1482 sequuntur,

83 1480 174 1561 *parem
350 1504 388 1562 de
416 1522 476 1579 quo
504 1502 562 1561 alio
582 1504 650 1562 loeo
670 1503 754 1578 plura
775 1500 834 1561 dici
854 1503 958 1560 solent.
1002 1503 1062 1562 Sed
1085 1513 1142 1562 tum

99 1622 212 1662 servare
228 1602 301 1663 illud
319 1613 429 1679 poetas,
445 1600 528 1676 quod
546 1600 658 1671 deceat,
678 1597 811 1670 dicimus,
829 1617 897 1657 cum
914 1596 955 1670 id,
971 1600 1060 1674 'quod
1081 1617 1142 1675 qua·

98 1719 156 1774 que
183 1718 309 1775 persona
336 1698 459 1775 dignum
481 1707 533 1769 est,
555 1707 584 1755 et
604 1697 637 1755 fit
658 1706 687 1754 et
709 1695 827 1763 dicitur,
861 1707 894 1756 ut
915 1695 939 1755 si
960 1698 1078 1757 Aeacus
1097 1707 1141 1757 aut
1153 1717 1173 1764 ¹5

99 1793 200 1852 Minos
215 1792 342 1853 diceret:
363 1793 479 1866 oilerint,
495 1794 562 1851 dum
577 1792 709 1864 me'tuam‘,
724 1802 792 1851 aut:

379 1889 456 1948 nani
474 1890 597 1963 sepulcro
618 1890 678 1963 ipse
696 1887 736 1946 e‘st
746 1896 864 1963 paretes,

98 1986 270 2046 indecorum
291 1985 445 2059 videretur,
468 1987 550 2062 quod
577 2005 628 2045 eos
651 1984 740 2045 fuisse
767 1984 859 2044 iustos
887 1985 1070 2062 accepimus:
1114 1996 1139 2045 at

98 2086 189 2143 Atreo
218 2084 334 2148 dicente
362 2085 481 2160 plausus
509 2081 690 2141 excitantur:
724 2092 768 2142 est
796 2079 875 2141 enim
904 2081 1008 2163 digna-
1022 2102 1139 2160 persona

123 2206 244 2252 Differ'ence
273 2211 310 2252 be.
351 2179 451 2239 oratio.
494 2180 554 2240 Sed
574 2189 689 2255 poetae,
711 2177 783 2254 quid
805 2196 954 2254 quemque
975 2178 1089 2252 deceat,
1108 2197 1170 2239 exn

97 2261 311 2362 iioiiimiiicdiiss
350 2298 476 2357 persona
507 2277 690 2337 iudicabunt.
730 2275 824 2338 Nobis
856 2288 957 2335 autem
989 2295 1138 2353 personam

97 2361 144 2452 sTeii
153 2361 311 2461 {imiimi}
349 2375 489 2453 imposuit
516 2375 579 2452 ipsa
606 2384 709 2433 natura
735 2393 843 2450 magna
869 2392 938 2432 cum
972 2373 1138 2435 excellentia

98 2461 309 2562 {gglcssugffisjfs‘ffg
348 2472 582 2548 praestantiaque
622 2470 815 2530 animantium
848 2470 1034 2546 reliquarum.
1097 2472 1136 2549 98.

97 2562 312 2663 gffissssjgpffgy‘ggss
351 2569 498 2645 Quocirca
524 2579 631 2646 poetae
657 2568 688 2627 in
715 2588 822 2645 magna
848 2567 987 2628 varietate
1012 2586 1138 2646 persona·

97 2663 312 2764 illidii&
350 2687 416 2726 rum
450 2667 538 2727 etiam
572 2666 683 2727 vitiosis
718 2666 791 2743 quid
825 2665 982 2726 conveniat
1017 2678 1048 2727 et
1074 2666 1137 2744 quid
1146 2692 1167 2738 ²5

97 2763 311 2854 {gg'gnggfflffecffi‘}
350 2768 453 2828 deceat
480 2765 632 2832 videbunt,
677 2764 762 2825 nobis
790 2774 888 2823 autem
912 2783 983 2823 cum
1005 2783 1023 2824 a
1043 2776 1138 2825 natura

97 2864 310 2954 ffiegisslehfflss
349 2863 531 2924 constantiae
565 2861 785 2934 moderationis,
816 2860 1028 2937 temperantiae
1068 2879 1137 2922 vere

97 2963 309 3076 gigassftgattffvfflgg
348 2963 474 3024 cundiae
494 2974 589 3040 partes
609 2962 695 3020 datae
709 2959 767 3020 sint
781 2977 908 3034 cumque
922 2959 1030 3018 eadem
1044 2969 1138 3019 natura

97 3064 309 3165 ggffigsseffflfhgj
347 3064 454 3123 doceat
467 3081 528 3121 non
543 3060 695 3137 neglegere
720 3076 809 3134 quem
823 3057 863 3115 ad
880 3056 1006 3115 modum
1022 3075 1079 3116 nos
1095 3055 1138 3115 ad

98 3164 314 3255 {Itlsstgtgffi
348 3179 446 3220 versus
474 3156 609 3217 homines
636 3174 778 3232 geramus,
807 3153 931 3214 efficitur
958 3164 992 3214 ut
1012 3165 1048 3239 et⁴
1063 3152 1169 3227 illudet

97 3264 314 3365 ffirfhgpffigugggpg
350 3257 432 3334 quod
452 3257 491 3316 ad
505 3273 626 3339 omnem
647 3253 832 3311 honestatem
845 3249 980 3327 pertinet,
1003 3252 1137 3313 decorum

98 3365 185 3405 observe
201 3378 215 3416 a
231 3365 310 3406 certain
349 3373 438 3431 quam
451 3354 510 3412 late
525 3354 621 3410 susum
636 3349 672 3409 sit
686 3359 832 3425 appareat,
842 3359 872 3408 et
885 3349 952 3422 hoc,
968 3350 1054 3426 quod
1065 3366 1138 3427 spec»

97 3415 165 3464 order,
195 3415 310 3456 steadiness

98 3465 140 3505 and
153 3478 216 3515 erace
233 3465 255 3504 in
272 3478 310 3505 our
347 3462 424 3512 tatur
444 3450 474 3508 in
495 3468 555 3508 uno
577 3466 697 3524 quoque
717 3464 823 3523 genere
839 3443 959 3505 virtutis
1002 3446 1049 3509 Ut
1064 3442 1138 3509 enim
1177 3444 1179 3453 '

98 3515 192 3606 iiim
211 3515 308 3555 demean'
348 3547 536 3627 pulchritudo
563 3543 693 3621 corporis
720 3554 790 3620 apta
812 3541 1030 3620 compositione
1055 3560 1128 3605 π’·
1173 3536 1179 3579 ¹

98 3649 217 3710 brorum
244 3658 343 3708 movet
374 3647 475 3706 oculos
503 3653 532 3703 et
559 3643 686 3702 delectat
713 3641 772 3700 hoc
798 3639 872 3717 ipso,
901 3639 987 3717 quod

99 3765 201 3806 omnes
228 3757 325 3823 partes
352 3762 421 3803 cum
449 3741 579 3818 quodam
607 3740 707 3815 lepore
734 3736 966 3813 consentiuntt

466 3884 497 3937 33
513 3885 565 3919 uno
575 3866 699 3934 iquoquel
711 3866 786 3916 Heine
