2512 4192
136 158 174 220 74
573 143 624 201 De
636 142 730 218 gloria
1032 137 1079 222 [11
1093 157 1128 201 nt
1141 140 1177 218 38

131 308 222 382 ciunt,
244 327 372 384 cumque
396 305 495 386 aliqua
515 305 550 366 iis
571 308 670 383 ampla
690 317 720 367 et
740 307 867 367 honesta
885 325 933 366 res
957 303 1080 366 obiecta
1104 316 1177 367 totos

132 406 170 464 ad
191 424 223 465 se
244 403 388 464 convertit
407 414 438 463 et
457 401 541 479 rapit,
556 413 621 463 tum
640 401 707 479 quis
727 422 789 462 non
809 401 975 481 admiretur
993 403 1178 480 splendorem

78 515 119 564 XI
131 501 440 580 pulchritudinemque
463 500 599 561 virtutis?
640 504 687 577 38.
718 503 797 578 Ergo
818 512 848 560 et
871 500 947 561 haec
972 499 1068 561 animi
1090 499 1179 578 despi

379 596 486 658 cientia
507 597 764 658 admirabilitatem
788 616 928 675 magnam
952 597 1024 657 facit
1048 608 1081 659 et
1103 617 1179 657 max-

379 690 439 752 ime
459 690 577 764 iustitia,
592 710 630 750 ex
644 710 704 767 qua
722 710 784 749 uua
796 690 903 750 virtute
916 689 972 749 viri
992 691 1067 751 boni
1087 692 1178 768 appel·
1199 714 1210 767 5

131 784 234 858 lantur,
268 785 391 846 mirifica
422 789 569 864 quaedam
602 787 785 847 multitudini
816 786 941 858 videtur,
977 807 1036 848 nec
1070 786 1174 847 iniuria

132 881 231 940 Nemo
251 882 332 942 enim
352 883 445 943 iustus
466 903 530 944 esse
550 894 657 961 potest,
673 883 726 960 qui
746 894 881 956 mortem,
897 883 949 959 qui
971 885 1118 958 dolorem,
1131 882 1177 961 qui

131 976 259 1053 exilium,
281 979 332 1056 qui
352 991 513 1058 egestatem
533 980 618 1040 timet
639 991 690 1039 aut
712 978 763 1057 qui
786 999 830 1053 ea,
854 998 932 1056 quae
955 991 1027 1039 sunt
1049 979 1096 1040 his
1117 999 1179 1040 con·

381 1076 475 1148 traria,
500 1075 642 1153 aequitati
669 1075 830 1151 anteponit
876 1074 1073 1152 Maximeque
1095 1075 1177 1136 admi·

132 1154 239 1258 {Xssptbgs
250 1157 345 1260 ᾖοξξζζ
382 1184 483 1233 rantur
502 1194 579 1251 eum,
588 1173 640 1251 qui
657 1172 784 1250 pecunia
802 1191 864 1232 non
878 1182 1025 1247 movetur,
1058 1174 1139 1249 quod
1150 1171 1177 1231 in
1189 1197 1210 1233 rr

382 1292 441 1349 quo
463 1271 526 1331 viro
549 1282 738 1348 perspectum
763 1269 809 1344 sit,
830 1270 912 1328 hunc
935 1268 998 1347 igni
1019 1280 1177 1347 spectatum

132 1364 313 1428 arbitrantur.
359 1371 464 1446 Itaque
484 1368 535 1427 illa
554 1368 617 1442 tria,
632 1387 709 1444 quae
729 1366 881 1445 proposita
901 1378 970 1426 sunt
991 1368 1031 1426 ad
1052 1366 1176 1445 gloriam,

131 1499 213 1553 jugi„
238 1502 268 1555 by
289 1504 348 1546 „sels
383 1467 484 1528 omnia
496 1466 634 1527 iustitia
647 1466 775 1541 conficit,
791 1477 821 1527 et
837 1465 1088 1541 benevolentiam,
1102 1466 1178 1544 quod

132 1555 275 1646 {gssfflffigf
286 1555 349 1648 ³²¹2}
382 1565 523 1641 prodesse
544 1565 606 1624 vult
630 1562 771 1640 plurimis,
794 1573 824 1622 et
846 1562 886 1622 ob
909 1563 1040 1622 eandem
1064 1581 1178 1622 causam

133 1653 205 1704 0¹⁰¹y·
382 1662 473 1720 fidem
494 1671 524 1721 et
544 1659 778 1732 admirationem,
794 1660 877 1735 quod
895 1677 945 1718 eas
963 1679 1011 1718 res
1030 1659 1140 1736 speruit
1152 1670 1178 1719 et
1190 1681 1210 1727 ιε

132 1753 267 1832 neglegit,
282 1757 321 1816 ad
335 1776 408 1834 quas
422 1757 553 1835 plerique
567 1755 741 1816 inflammati
754 1756 893 1816 aviditate
906 1755 1069 1833 rapiuntur.

193 1869 240 1927 39.
283 1856 329 1912 Ac
347 1873 414 1914 mea
428 1854 551 1931 quidem
569 1853 715 1914 sententia
734 1852 831 1912 omnis
844 1852 919 1911 ratio
933 1864 1025 1928 atque
1038 1851 1177 1913 institutio

132 1945 209 2007 vitae
229 1948 401 2010 adiumenta
421 1950 578 2010 hominum
606 1950 761 2022 desiderat,
795 1947 998 2026 inprimisque,
1022 1960 1056 2009 ut
1077 1951 1178 2010 habeat

133 2044 310 2122 quibuscum
328 2047 422 2124 possit
440 2048 595 2107 familiares
615 2049 747 2107 conferre
762 2065 931 2106 sermones:
954 2048 1038 2122 quod
1052 2058 1098 2108 est
1112 2047 1179 2108 diffi-

132 2140 197 2216 cile,
213 2143 269 2202 nisi
282 2143 412 2220 speciem
425 2164 495 2221 prae
514 2156 543 2204 te
558 2143 630 2204 boni
647 2142 702 2202 viri
719 2145 802 2202 feras.
846 2145 924 2219 Ergo
943 2142 1035 2203 etiam
1053 2143 1177 2205 solitario
1187 2162 1211 2196 ao

132 2241 246 2300 homini
266 2253 355 2318 atque
376 2242 407 2301 in
428 2263 497 2320 agro
516 2242 607 2302 vitam
627 2241 725 2319 agenti
746 2241 847 2318 opinio
867 2240 996 2303 iustitiae
1017 2240 1177 2303 necessaria

132 2348 185 2411 est,
200 2358 296 2415 eoque
317 2339 406 2399 etiarn
426 2338 526 2417 magis,
543 2340 634 2415 quod,
649 2358 716 2399 eam
735 2337 760 2397 si
778 2358 840 2398 non
853 2339 1006 2398 habebunt
1020 2338 1175 2416 iniustique

131 2436 325 2509 habebuntur,
348 2435 436 2496 nullis
456 2435 607 2514 praesidiis
630 2434 723 2511 saepti
746 2434 846 2494 multis
870 2435 1036 2495 afficientur
1058 2435 1174 2496 iniuriia

130 2581 342 2634 Justkeisaneoes·
380 2554 427 2607 40.
457 2538 557 2610 Atque
578 2533 613 2593 iis
634 2534 724 2594 etiam
743 2533 795 2609 qui
818 2534 952 2592 vendunt
974 2545 1088 2609 emunt,
1110 2554 1175 2595 con-

131 2646 180 2684 saru
193 2634 259 2673 virtue
274 2631 344 2672 s⁰r³¹¹
380 2631 494 2690 ducunt
517 2631 616 2688 locant
643 2626 911 2704 contrahendisque
935 2629 1062 2706 negotiis
1086 2630 1209 2709 impii-a

132 2695 186 2724 sorts
207 2684 249 2724 and
271 2682 342 2723 condi·

132 2733 186 2824 ἓξὲξ
194 2734 266 2835 brpgan
268 2743 342 2823 (12¹qu
379 2739 490 2802 cantur,
506 2726 615 2787 iustitia
633 2728 672 2786 ad
691 2746 753 2786 rem
771 2727 931 2803 gerendam
945 2729 1112 2789 necessaria
1124 2740 1172 2802 est,

131 2833 344 2925 ffiflffissl‘ffiful
380 2825 463 2884 cuius
485 2835 566 2884 tanta
581 2823 625 2883 vis
643 2834 696 2896 est,
711 2834 744 2883 ut
763 2843 801 2883 ne
815 2823 857 2883 illi
871 2822 1002 2899 quidem,
1019 2825 1071 2902 qui
1091 2829 1175 2887 male

381 2921 449 2982 ficio
469 2932 500 2982 et
520 2922 628 2981 scelere
648 2932 816 2998 pascuntur,
831 2920 945 2997 possint
964 2920 1029 2982 sine
1042 2924 1104 2984 ulla
1116 2943 1175 3001 par·

131 3017 221 3079 ticula
247 3020 373 3081 iustitiae
400 3020 505 3080 vivere.
556 3021 636 3078 Nam
663 3018 715 3096 qui
741 3038 845 3078 eorum
872 3019 1009 3096 cuipiam,
1039 3021 1092 3098 qui
1118 3040 1174 3083 una

131 3118 348 3193 latrocinantur,
363 3121 473 3178 furatur
493 3117 605 3194 aliquid
625 3129 676 3178 aut
696 3117 789 3195 eripit,
804 3117 829 3178 is
848 3117 904 3178 sibi
922 3138 960 3178 ne
977 3118 1008 3179 in
1022 3121 1172 3182 latrocinio
1184 3139 1210 3191 30

131 3213 253 3291 quidem
272 3214 409 3291 relinquit
422 3215 522 3274 locum
528 3236 537 3289 3
556 3214 606 3274 ille
620 3225 728 3288 autem,
744 3213 795 3290 qui
809 3213 982 3290 archipirata
993 3215 1109 3292 dicitur,
1121 3214 1173 3277 nisi

130 663 160 715 by
167 662 255 716 Jusdce,

129 3406 190 3449 ssent
209 3401 292 3464 plures
313 3408 395 3465 partes
419 3402 503 3460 animi,
529 3409 552 3452 et
573 3403 652 3453 maior
676 3418 733 3467 pars
759 3403 843 3464 animi,
872 3418 922 3452 non
946 3403 1053 3454 maiores
1077 3412 1173 3470 partes:

131 3481 230 3532 maioris
248 3482 325 3546 partis
341 3482 437 3531 animos
457 3482 507 3531 cod.
523 3485 599 3535 Bern.
621 3502 641 3545 c,
664 3485 844 3548 ceapmannus
858 3490 881 3532 et
898 3485 935 3532 Be
951 3501 964 3533 e
981 3485 1052 3546 coni,
1069 3487 1174 3550 probant

130 3563 210 3612 Heine
218 3562 259 3611 Lu
295 3565 304 3619 ΙΙ
349 3576 360 3610 1
390 3562 487 3611 obiecta
503 3571 540 3613 est
556 3566 636 3628 vulgo,
655 3564 753 3613 obiecta
771 3565 812 3613 Ba
826 3565 857 3613 St
872 3565 952 3614 Hee'ne
968 3565 1010 3615 Lu
1028 3582 1086 3617 cuns
1098 3569 1171 3619 Bem.

129 3657 144 3692 c
178 3647 188 3702 ΙΙ
226 3658 256 3692 aa
280 3642 363 3691 iniusti
374 3642 531 3693 habebuntur
541 3646 621 3708 vulgo,
631 3645 697 3709 quod
704 3645 833 3707 amndeton
841 3645 917 3695 nimis
927 3645 1020 3697 durum
1030 3648 1173 3701 seclusmmt
1214 3710 1217 3717 Ι

130 3728 210 3778 Heine
218 3727 260 3774 Lu
269 3727 311 3774 Bo
321 3740 376 3774 cum
387 3724 520 3773 Facciolato
536 3731 566 3773 ut
580 3727 827 3790 interpretamentum,
837 3727 921 3777 iniusti
934 3728 1092 3780 habebuntur
1102 3736 1127 3781 et
1140 3729 1173 3779 Or

132 3828 189 3860 cum
199 3811 247 3859 cod.
258 3825 282 3870 a,
297 3806 430 3872 iniustique
440 3805 597 3857 habebuntur
607 3808 684 3857 Bern.
695 3822 717 3857 c.
