2512 4192
19 173 23 181 ’
121 192 177 231 110
369 174 420 232 De
437 160 602 232 contritione
620 174 742 232 Honesti
760 180 787 231 ct
811 174 898 234 Utilis
1007 169 1072 253 [111
1087 192 1110 234 x
1125 194 1162 248 40

117 341 248 418 quidem.
271 342 330 404 Sed
344 361 461 418 quaero,
478 343 561 418 quod
574 353 682 420 negant
696 362 791 420 posse,
807 343 839 402 id
852 342 877 403 si
893 354 1003 420 posset,
1019 343 1162 421 quidnam

117 440 268 498 iacerent?
308 440 444 515 Urguent
471 438 578 499 rustice
606 458 684 498 sane.
728 441 845 517 Negant
869 439 951 500 enim
970 459 1060 518 posse
1080 450 1112 502 et
1131 439 1161 500 in

117 555 156 596 eo
176 546 314 612 perstant,
329 537 388 595 hoc
406 536 529 595 verbum
550 535 623 613 quid
642 537 738 595 valeat
756 556 818 596 non
835 535 946 597 vident
991 538 1071 598 Cum
1084 537 1162 600 enim

119 632 294 708 quaerimus,
310 631 335 692 si
355 634 449 692 celare
469 632 591 710 possint,
606 632 679 709 quid
699 632 802 692 facturi
822 632 888 706 sint,
904 653 966 695 non
985 633 1161 712 quaerimus

117 728 270 807 possintne
288 731 391 802 celare,
407 731 461 791 sed
478 742 628 807 tamquam
647 742 794 791 tormenta
812 733 959 808 quaedam
973 732 1159 805 adhibemus,
1188 757 1196 804 ε

118 838 159 901 ut,
191 826 216 888 si
242 827 446 904 responderint
479 848 511 889 se
538 828 713 906 impunitate
746 828 897 906 proposita
923 832 1053 890 tacturos
1081 831 1162 908 quod

119 925 263 1002 expediat,
294 925 474 986 facinorosos
502 945 534 986 se
561 946 625 987 esse
659 930 821 1000 fateantur,
854 926 880 987 si
913 938 1033 1005 negent,
1062 928 1162 988 omnia

118 1023 214 1100 turpia
241 1043 293 1101 per
321 1043 353 1084 se
381 1023 445 1101 ipsa
472 1025 611 1102 fugienda
639 1045 703 1086 esse
731 1027 905 1087 concedant
948 1027 1010 1087 Sed
1037 1024 1099 1087 iarn
1125 1028 1164 1088 ad

118 1121 300 1198 propositum
313 1132 509 1199 revertamur„

79 1256 105 1306 X
143 1268 213 1309 mere
227 1281 263 1309 m
276 1281 334 1309 some
427 1241 475 1296 40.
519 1220 659 1282 Incidunt
685 1225 795 1282 multae
822 1241 911 1299 saepe
939 1241 1057 1296 causae,
1087 1241 1163 1300 quae
1178 1239 1196 1273 κ

118 1319 241 1369 perplexius
270 1319 335 1360 Ceres
369 1318 545 1378 conturbent
568 1318 682 1378 animos
705 1318 837 1378 utilitatis
860 1317 969 1394 speeie,
996 1338 1068 1393 non,
1095 1339 1162 1380 cum

117 1369 334 1418 whereinmendoubt,

117 1419 336 1520 glffirpeqiegetffi
368 1415 428 1473 hoc
461 1414 647 1488 deliberatur,
682 1414 914 1491 relinquendane
949 1414 987 1475 sit
1022 1417 1162 1477 honestas

117 1520 164 1611 2503
186 1520 213 1560 be
242 1519 331 1571 morary
367 1522 486 1587 propter
513 1509 644 1570 utilitatis
671 1510 1019 1588 magnitudinem—nam
1045 1510 1079 1572 id
1102 1512 1164 1590 qui·

116 1583 149 1622 ”g
165 1578 256 1612 mm*
368 1608 438 1667 dem
452 1607 619 1684 improbum
630 1617 723 1680 est—,
736 1608 789 1668 sed
800 1607 882 1680 illud,
891 1605 1025 1683 possitne
1035 1607 1162 1686 idquod

116 1703 188 1764 utile
218 1703 357 1778 videatur,
377 1704 439 1764 fieri
467 1724 527 1764 non
555 1703 683 1781 turpiter.
728 1705 806 1764 Cum
842 1703 993 1765 Collatino
1030 1707 1161 1783 collegae
1176 1722 1196 1772 ιε

141 1821 196 1862 The
235 1820 329 1862 nestro
368 1807 475 1862 Brutus
511 1800 666 1877 imperium
707 1800 874 1878 abrogabat,
912 1811 1031 1877 poterat
1068 1801 1162 1862 videri

115 1871 329 2013 {irfffnss'df’hfy
367 1902 461 1959 facere
482 1897 514 1958 id
534 1896 654 1957 iniuste:
675 1898 768 1956 fuerat
789 1896 912 1956 enimin
927 1897 1045 1974 regibus
1066 1898 1162 1975 expel-

115 1973 174 2064 ,ffid
183 1972 256 2063 ,232⁵
269 1985 328 2062 ῗέἓρἶί
366 1995 461 2055 lendis
476 1993 573 2054 socius
589 1992 671 2052 Bruti
685 1993 874 2053 consiliorum
888 2003 918 2053 et
932 1993 1058 2055 adiutor.
1083 1996 1160 2056 Cum

113 2073 279 2174 ξξζξξζᾭδᾛ
292 2072 328 2162 {¹¹05
365 2103 465 2152 autem
486 2089 642 2150 consilium
662 2090 722 2149 hoc
741 2089 887 2166 principes
911 2089 1069 2166 cepissent,
1095 2110 1161 2169 cog·

116 2173 329 2265 {if'ssqssssgs‘ffiffi
365 2187 517 2247 nationem
542 2185 667 2262 Superbi
687 2205 858 2262 nomenque
878 2185 1111 2262 Tarquiniorum
1129 2199 1159 2248 et
1171 2205 1196 2242 re

116 2275 310 2325 ilssc⁰ffl¹l⁰⁵¹
366 2283 538 2344 memoriam
565 2282 647 2360 regni
677 2302 741 2342 esse
772 2283 944 2355 tollendam,
980 2284 1064 2360 quod
1099 2295 1159 2344 erat

115 2382 195 2454 utile,
216 2380 327 2458 patriae
346 2382 508 2452 consulere,
530 2379 562 2439 id
590 2390 651 2439 erat
675 2378 715 2438 ita
738 2380 905 2451 honestum,
923 2390 963 2439 ‘ut
987 2379 1080 2440 etiarn
1104 2379 1158 2457 ipsi

116 2478 265 2540 Collatino
279 2480 394 2555 placere
413 2478 543 2538 deberet.
585 2479 691 2552 Itaque
715 2475 825 2536 utilitas
849 2475 941 2536 valuit
964 2488 1087 2555 propter
1109 2479 1159 2538 ho

115 2586 268 2648 nestatem,
284 2573 348 2634 sine
362 2593 421 2650 qua
435 2593 473 2634 ne
487 2573 596 2633 utilitas
611 2573 732 2649 quidem
747 2592 811 2632 esse
830 2572 981 2649 potuisset
1026 2593 1076 2648 41.
1118 2576 1158 2635 At

364 2669 396 2729 in
425 2690 462 2730 eo
489 2690 565 2748 rege,
597 2668 648 2745 qui
677 2670 781 2728 urbem
809 2668 952 2742 condidit,
985 2690 1048 2729 non
1077 2668 1155 2732 item.
1167 2688 1193 2737 τε

114 2749 329 2850 ffiffjffffiss‘ss
366 2766 485 2844 Species
514 2765 594 2826 enim
621 2764 752 2825 utilitatis
779 2764 911 2824 animum
939 2767 1055 2843 pepulit
1082 2767 1156 2828 eius·

111 2850 327 2951 ζῑξζζξξοξῗάξξᾟ
365 2863 414 2925 cui
435 2883 503 2923 cum
524 2862 618 2922 visum
642 2872 719 2922 esset
739 2861 839 2921 utilius
860 2863 956 2921 solum
978 2882 1069 2939 quam
1090 2883 1155 2924 cum

114 2950 330 3043 ,fflffirfliedgegvhffiss
367 2963 459 3022 altero
483 2978 612 3036 regnare,
637 2959 754 3017 fratrem
778 2957 934 3018 interemit.
976 2958 1087 3020 Omisit
1110 2958 1156 3019 hic

115 3052 205 3095 *ΝΜ
365 3069 396 3119 et
417 3056 558 3134 pietatem
581 3066 610 3114 et
632 3055 855 3126 humanitatem,
870 3065 903 3114 ut
924 3053 965 3129 id,
982 3058 1067 3133 quod
1087 3056 1154 3118 utile

112 3157 267 3217 videbatur
288 3173 385 3231 neque
407 3164 477 3226 erat,
499 3150 615 3227 assequi
637 3162 744 3227 posset,
766 3162 796 3211 et
816 3161 916 3211 tamen
938 3151 1016 3211 muri
1037 3171 1189 3220 causamn

114 3252 261 3330 opposuit,
287 3250 416 3329 speciem
439 3246 601 3308 honestatis
625 3267 681 3307 nee
705 3246 888 3323 probabilem
911 3267 969 3308 nec
997 3267 1069 3310 sane
1095 3249 1153 3310 ido

112 3368 207 3409 neam.
270 3367 317 3420 4²·
350 3344 487 3406 Peccavit
513 3343 608 3422 igitur,
637 3362 712 3419 paee
740 3345 788 3403 vel
816 3342 932 3419 Quirini
958 3346 1008 3405 vel
1035 3345 1151 3407 Romuli

113 3444 243 3505 dixerim.
286 3445 353 3504 Nec
371 3453 470 3503 tamen
488 3451 605 3501 nostrae
624 3439 710 3499 nobis
730 3438 870 3500 utilitates
890 3438 1075 3503 omittendae
1088 3452 1150 3502 sunt

111 3540 234 3617 aliisque
261 3539 430 3612 tradendae,
452 3557 521 3597 cum
550 3536 584 3597 iis
611 3535 668 3614 ipsi
696 3555 844 3613 egeamus,
865 3537 920 3596 sed
948 3556 1021 3601 suae
1048 3536 1149 3615 cuique

110 3636 236 3710 utilitati,
252 3637 335 3712 quod
356 3634 420 3696 sine
441 3632 559 3694 alterius
580 3631 687 3692 iniuria
704 3634 764 3707 fiat,
779 3631 968 3694 serviendum
981 3644 1036 3697 est.
1076 3632 1182 3701 Scitest

161 3769 188 3804 rs
205 3753 354 3804 deliberetur
363 3753 443 3817 vulgo,
457 3752 606 3803 deliberatur
620 3753 764 3815 Heumann,
777 3753 858 3805 Helm
889 3757 901 3813 ΙΙ
930 3767 961 3819 31
972 3752 1145 3823 uqueptoh·

105 3837 181 3888 bilem
195 3835 401 3889 Orcontracodd.
441 3838 451 3896 l
489 3847 518 3901 35
535 3834 1017 3903 uuoansmenummredttetso
