2512 4192
124 161 161 217 82
497 158 562 216 (De
579 176 612 216 eo
630 157 799 234 beaqtcentia
984 153 1033 239 [II
1047 174 1115 218 xvrr
1130 159 1164 236 5⁸

123 332 230 392 riores:
258 333 338 390 hunc
365 339 410 390 est
436 331 562 389 Scaurus
589 328 728 389 imitatus.
773 328 1070 407 Magnificentissimo
1099 354 1166 399 vero

124 427 215 486 nostri
233 425 357 503 Pompei
375 444 499 484 munera
517 427 649 485 secundo
667 426 838 485 consulatu:
859 424 891 484 in
905 425 1013 502 quibus
1032 428 1165 492 omnibus

25 546 108 594 xvn
124 525 197 601 quid
217 524 290 582 mihi
309 526 432 601 placeat,
454 522 543 582 vides.
601 526 646 600 58.
698 523 829 582 Vitanda
849 533 950 584 tamen
970 525 1098 602 suspiti0
1124 540 1165 590 est

147 644 257 696 Eme,
298 653 333 746 ἷο
372 619 516 680 avaritiae
560 621 722 693 Mamerco,
744 618 859 680 homini
879 620 1066 698 divitissimo,
1088 644 1165 703 prae

121 695 312 787 {iffibiw
247 695 332 787 nde„
320 709 515 776 termissio
534 716 691 778 aedilitatis
709 719 879 778 consulatus
897 721 1046 795 repulsam
1060 722 1161 783 attulit
1187 749 1199 800 5

121 810 185 838 Μ
371 813 441 886 Qua
454 831 485 872 re
499 822 538 885 et,
556 812 580 872 si
598 813 764 889 postulatur
781 832 800 873 a
818 816 939 891 populo,
954 816 1087 877 bonis
1051 819 1126 880 viris
1141 819 1164 880 si

145 912 209 952 AAAA
193 910 235 952 A‘AA
180 911 332 1012 WAhAAffi
370 928 431 969 non
446 909 690 983 desiderantibus
709 920 852 970 attamen
870 911 1163 991 adprobantibus,fa

120 970 265 1063 beerialbav
266 1012 334 1053 oie-dd
370 1005 513 1064 ciundum
528 1018 581 1079 est,
600 1008 693 1067 modo
706 1026 760 1083 pro
774 1007 969 1083 facultatibus,
990 1030 1046 1071 nos
1065 1011 1123 1090 ipsi
1134 1025 1164 1074 ut

121 1102 251 1176 secimuS,
267 1114 304 1178 et,
323 1103 482 1180 siquando
504 1103 603 1180 aliqua
622 1124 668 1164 res
688 1104 783 1166 maior
803 1116 893 1182 atque
913 1107 1013 1169 utilior
1032 1110 1164 1187 populari

120 1202 273 1279 largitione
293 1201 465 1278 adquiritur,
491 1212 524 1262 ut
544 1201 643 1263 Oresti
668 1221 762 1279 nuper
785 1203 908 1279 prandia
929 1203 961 1263 in
985 1207 1099 1268 semitis
1119 1209 1200 1270 dero

121 1317 226 1358 cumae
241 1296 362 1358 nomine
377 1315 486 1374 magno
501 1297 745 1358 honori-fuerunt.
779 1300 827 1358 Ne
842 1300 947 1360 Marco
961 1300 1085 1377 quidem
1099 1305 1162 1367 Seio

121 1397 193 1457 vitio
215 1397 317 1456 datum
339 1405 392 1468 est,
408 1395 490 1471 quod
504 1394 535 1454 in
549 1394 670 1454 caritate
690 1413 755 1455 asse
775 1395 910 1456 modium
930 1401 1044 1475 populo
1065 1402 1163 1478 dedit;

121 1516 229 1574 magna
242 1494 322 1556 enim
336 1513 368 1554 se
387 1505 416 1554 et
431 1493 592 1554 inveterata
609 1492 721 1553 invidia
737 1512 793 1553 nec
807 1494 886 1572 turpi
903 1494 1024 1572 iactura,
1043 1501 1163 1576 quando

122 1604 182 1654 erat
199 1592 309 1665 aedilis,
331 1611 388 1652 nec
406 1591 535 1651 maxima
552 1591 693 1651 liberavit
736 1591 796 1652 Sed
814 1591 921 1652 honori
939 1612 1060 1656 summo
1073 1615 1163 1675 nuper

122 1702 222 1751 nostro
237 1686 345 1748 Miloni
359 1687 422 1761 luit,
437 1687 488 1765 qui
506 1687 718 1766 gladiatoribus
732 1687 839 1765 emptis
853 1688 895 1750 rei
912 1690 1051 1766 publicae
1068 1712 1160 1768 causa,
1173 1714 1193 1762 ¹5

123 1806 199 1863 quae
213 1787 306 1846 salute
320 1796 420 1844 nostra
432 1784 648 1858 continebatur,
666 1803 771 1845 omnes
785 1788 817 1844 P.
834 1786 934 1848 Clodii
952 1799 1078 1850 conatus
1091 1793 1162 1852 furo

122 1903 226 1960 resque
240 1881 420 1959 compressit.
464 1883 561 1942 Causa
579 1881 665 1959 igitur
682 1881 843 1958 largitionis
857 1893 910 1955 est,
932 1882 958 1943 si
977 1895 1031 1944 aut
1043 1905 1161 1950 necesse

122 1993 166 2044 est
188 1991 238 2040 aut
259 1979 337 2040 utile.
383 1995 427 2056 59.
472 1980 510 2037 In
530 1978 576 2037 his
603 1988 703 2039 autem
730 1977 801 2054 ipsis
827 1978 1039 2042 mediocritatis
1066 1987 1161 2062 regula

122 2079 235 2156 optima
248 2087 300 2136 est.
344 2077 378 2134 L.
394 2074 516 2151 quidem
531 2074 684 2152 Philippus
699 2074 736 2149 Q.
752 2075 795 2148 F,
810 2094 919 2154 magno
932 2075 976 2137 vir
988 2075 1110 2156 ingenio
1122 2081 1161 2140 in.

121 2173 282 2250 primisque
296 2174 399 2243 clarus,
418 2170 535 2248 gloriari
552 2171 667 2232 solebat
681 2189 712 2229 se
727 2168 790 2230 sine
804 2172 865 2230 ullo
878 2191 1002 2233 munere
1021 2175 1158 2253 adeptum
1172 2198 1196 2233 ro

123 2291 186 2332 esse
202 2269 309 2342 omnia,
325 2287 401 2345 quae
415 2269 592 2327 haberentur
605 2264 793 2343 amplissima
829 2265 958 2329 Dicebat
971 2268 1054 2331 idem
1066 2273 1157 2346 Cotta,

65 2393 69 2402 ·
123 2367 220 2429 Curio.
248 2364 343 2426 Nobis
358 2383 477 2441 quoque
487 2363 556 2425 licet
569 2363 599 2422 in
613 2365 672 2424 hoc
686 2364 817 2439 quodam
830 2366 922 2425 modo
932 2366 1057 2444 gloriari.
1086 2372 1161 2430 Nam

123 2484 176 2541 pro
190 2461 383 2539 amplitudine
402 2462 558 2535 honorum,
574 2480 649 2538 quos
663 2459 776 2520 cunctis
791 2461 933 2540 suffragiis
947 2463 1050 2541 adepti
1063 2485 1159 2527 sumus

121 2573 223 2621 nostro
238 2558 359 2635 quidem
375 2576 464 2631 anno,
482 2559 565 2634 quod
584 2557 706 2635 contigit
724 2577 827 2621 eorum
845 2556 966 2633 nemini,
981 2578 1058 2636 quos
1073 2562 1159 2623 modo

121 2655 280 2729 nominavi,
301 2674 370 2715 sane
393 2653 516 2730 exiguus
538 2665 671 2731 sumptus
690 2653 847 2718 aedilitatis
867 2652 930 2714 fuit
972 2657 1021 2717 60
1064 2659 1158 2734 Atque
1170 2674 1192 2724 ιι

310 2751 460 2849 ntetiam
487 2750 590 2811 illae
582 2771 734 2829 rmpensae
761 2750 906 2826 meliores,
927 2752 1014 2828 muri,
1039 2754 1157 2826 navalia,

369 2963 457 3004 usum
494 2943 539 3004 rei
580 2943 716 3021 publicae
759 2943 914 3022 pertinent.
971 2945 1157 3025 Quamquam

122 3047 203 3122 quod
230 3063 367 3122 praesens
394 3054 547 3119 tamquam
574 3040 606 3101 in
635 3062 758 3103 manum
792 3043 879 3103 datur
905 3041 1066 3105 iucundius
1098 3055 1156 3106 est.

120 3155 220 3201 tamen
247 3142 321 3199 haec
348 3138 379 3198 in
399 3149 549 3216 posterum
573 3137 706 3215 gratiora
749 3138 887 3212 Theatra,
914 3136 1056 3216 porticus,
1085 3153 1188 3204 novat⁰

120 3241 231 3316 templa
249 3237 445 3299 verecundius
465 3238 650 3315 reprehendo
670 3249 791 3316 propter
810 3237 998 3316 Pompeium,
1020 3239 1075 3301 sed
1093 3239 1155 3301 doc·

120 3336 224 3395 tissimi
237 3354 299 3395 non
312 3334 447 3411 probant,
462 3345 496 3394 ut
509 3344 539 3395 et
552 3333 602 3393 hic
620 3332 684 3412 ipse
698 3334 866 3408 Panaetius,
886 3352 978 3412 quem
990 3332 1153 3397 multumin

121 3433 167 3492 his
187 3431 266 3492 libris
288 3441 405 3503 secutus
426 3449 501 3503 sum,
523 3449 585 3490 non
606 3429 820 3507 interpretatus,
834 3440 865 3490 et
879 3431 1040 3492 Phalereus
1055 3433 1154 3492 Deme·

122 3529 202 3602 ttius
225 3527 276 3606 qui
297 3526 450 3600 Periclem,
472 3525 636 3604 principem
658 3526 808 3600 Graeciae,
829 3526 984 3604 vituperat,
1006 3527 1086 3605 quod
1099 3536 1152 3587 tan·

121 3639 182 3687 tam
209 3623 367 3702 pecuniam
396 3622 426 3682 in
453 3624 601 3700 praeclara
628 3622 678 3682 illa
704 3625 863 3702 propylaea
893 3621 1060 3686 coniecerit
1099 3619 1182 3685 Sedu

225 3842 258 3892 28
273 3855 424 3908 quamquam
437 3841 503 3890 enim
514 3839 554 3890 Ba
565 3853 621 3888 cum
632 3837 682 3888 cod.
694 3838 770 3889 Beris.
782 3853 809 3901 o,
817 3850 884 3905 qun
1004 3834 1084 3913 *l
