2512 4192
63 168 98 231 ΙΙ
113 190 138 253 x
153 169 205 252 37]
518 177 568 234 Dc
581 178 675 252 glunit
1077 200 1114 260 73

64 341 201 432 &mclx-‘32
229 342 280 433 322
317 365 425 422 meque
452 345 517 422 ipso
545 367 632 424 saepe
660 348 842 425 disputatum
870 350 915 424 sit,
945 352 995 429 qui
1023 372 1115 413 unam

64 405 281 533 ffeffigjffpg
318 443 440 503 haberet
463 463 567 504 omnes
588 446 695 517 habere
714 446 842 520 virtutes,
858 468 938 507 nune
958 449 999 509 ita
1020 448 1115 510 seiun-

64 542 281 644 ffiertshtgnffigplar
318 561 394 619 gam,
409 541 494 618 quasi
514 541 606 618 possit
626 542 791 618 qnisquam,
806 543 858 620 qui
877 563 938 604 non
954 545 1035 605 idem
1048 566 1114 623 pru-

319 639 392 698 dens
415 636 460 709 sit,
482 636 575 696 iustus
597 657 670 710 esse,
693 638 750 697 alia
772 651 816 699 est
837 639 895 712 illa,
917 660 986 699 cum
1008 641 1112 702 veritas

64 733 130 810 ipsa
147 734 266 793 limatur
284 733 314 793 in
332 734 540 810 disputatione,
555 734 708 806 subtilitas,
724 735 788 809 alia,
804 738 927 796 eumad
942 738 1113 814 opinionem
1141 765 1155 814 5

63 849 259 890 communem
280 830 377 890 omnis
397 832 639 889 accommodatur
663 829 763 890 oratio.
808 833 906 906 Quam
928 835 966 893 ob
987 855 1063 908 rem„
1080 847 1134 895 ut«

64 929 178 1005 volgus,
198 927 240 986 ita
259 947 315 987 nos
336 928 393 986 hoc
414 929 481 987 loco
503 927 657 1003 loquimur,
680 939 713 987 ut
733 927 806 990 alios
827 931 925 1003 fortes,
941 931 1013 991 alios
1034 932 1111 992 viros

63 1026 172 1098 bonos,
192 1025 265 1085 alios
285 1025 438 1102 prudentis
459 1044 524 1085 esse
549 1024 694 1085 dicamus.
736 1027 929 1102 Popularibus
953 1029 1032 1089 enim
1052 1051 1113 1091 ver-

64 1122 110 1184 bis
131 1133 177 1183 est
198 1124 347 1199 agendum
369 1134 398 1182 et
416 1122 538 1195 usitatis,
554 1142 623 1181 cum
642 1121 792 1199 loquimur
806 1125 843 1183 de
863 1125 1003 1200 opinione
1021 1147 1112 1204 popu-

63 1222 124 1295 lari,
142 1223 234 1299 idque
249 1224 358 1282 eodem
378 1223 470 1280 modo
491 1219 561 1280 fecit
583 1220 748 1280 Panaetius.
791 1222 851 1280 Sed
870 1223 909 1281 ad
927 1222 1111 1299 propositum
1127 1246 1156 1280 ιο

63 1331 251 1380 revertamur.

88 1464 222 1505 Howmwin
245 1462 282 1504 aa·
374 1418 420 1492 36.
451 1418 521 1475 Erat
535 1415 622 1492 igitur
635 1436 671 1476 ex
685 1415 720 1476 iis
734 1416 834 1491 tribus,
846 1437 923 1495 quae
937 1420 975 1479 ad
988 1418 1110 1497 gloriam

66 1515 281 1606 ffidateissgznttllg
317 1513 503 1588 pertinerent,
519 1513 577 1572 hoc
596 1513 723 1586 tertium,
738 1525 772 1573 ut
790 1534 859 1573 cum
877 1515 1110 1578 admiratione

66 1626 112 1656 true
122 1614 204 1664 Glorr=
318 1607 473 1668 hominum
487 1608 601 1667 honore
615 1609 653 1667 ab
666 1608 702 1666 iis
717 1607 798 1685 digni
811 1608 1015 1672 iudicaremur.
1050 1613 1111 1672 Ad-

61 1707 206 1768 mirantur
230 1706 317 1784 igitur
340 1703 538 1764 communiter
561 1703 602 1762 illi
624 1704 746 1780 quidem
771 1705 879 1779 omnia,
902 1725 979 1782 quae
1003 1727 1110 1784 magna
1125 1737 1152 1784 15

62 1816 92 1865 et
111 1814 229 1883 praeter
250 1801 422 1880 opinionem
441 1819 525 1859 suam
543 1799 822 1874 animadverterunt,
839 1802 995 1878 separatim
1009 1815 1109 1864 autem

62 1902 92 1961 in
112 1900 244 1977 singulis,
260 1899 284 1958 si
303 1895 484 1974 perspiciunt
503 1915 559 1954 nec
576 1895 696 1972 opinata
710 1899 858 1972 quaedam
872 1899 957 1958 bona
1003 1901 1110 1976 Itaque

62 2016 113 2058 eos
134 1996 213 2056 viros
234 1994 400 2071 suspiciunt
418 1990 623 2068 maxumisque
644 1994 776 2052 ecferunt
796 1994 940 2068 laudibus
956 1995 1109 2072 inquibus

61 2127 90 2176 by
115 2123 278 2175 extraordinary
315 2089 492 2150 existumant
511 2108 541 2148 se
558 2089 728 2149 excellentis
746 2092 890 2166 quasdam
908 2102 938 2152 et
955 2092 1108 2169 singularis

61 2177 142 2226 vm·
315 2186 479 2264 perspicere
493 2185 622 2258 virtutes
638 2185 804 2262 despiciunt
817 2198 917 2247 autem
931 2208 983 2249 eos
996 2200 1026 2249 et
1040 2210 1108 2250 con·
1121 2221 1151 2254 20

61 2299 208 2361 temnunt,
231 2287 261 2346 in
282 2286 390 2362 quibus
410 2283 483 2342 nihil
503 2282 625 2357 virtutis,
646 2283 719 2343 nihil
739 2284 838 2358 animi,
859 2285 930 2344 nihil
953 2306 1108 2348 nervorum

60 2396 175 2462 putant.
219 2386 291 2442 Non
315 2381 395 2441 enim
417 2399 521 2440 omnes
543 2399 595 2440 eos
619 2391 814 2440 contemnunt
839 2382 877 2441 de
899 2382 1006 2458 quibus
1030 2385 1107 2445 male

60 2481 242 2542 existimant.
283 2481 363 2537 Nam
384 2495 459 2552 quos
480 2475 630 2552 improbos
651 2476 813 2536 maledicos
834 2478 1035 2538 fraudulentos
1055 2499 1107 2556 pu·

60 2589 122 2638 tant
149 2587 181 2638 et
208 2576 248 2635 ad
276 2573 442 2633 faciendam
469 2571 605 2631 iniuriam
637 2571 803 2646 instructos,
832 2592 884 2633 eos
911 2586 1107 2657 contemnunt

60 2674 183 2752 quidem
210 2670 384 2747 neutiquam
412 2669 466 2729 sed
490 2670 528 2728 de
554 2666 589 2756 iis
621 2670 698 2728 male
722 2668 895 2729 existimant.
940 2671 1039 2745 Quam
1067 2673 1147 2750 0b25

58 2790 129 2844 rem,
149 2780 184 2829 ut
204 2778 274 2827 ante
295 2764 365 2839 dixi,
385 2761 616 2851 contemnuntur
635 2763 729 2841 ii‚qui
751 2769 824 2824 ‘nec
845 2765 900 2825 sibi
921 2785 977 2826 nec
997 2767 1079 2828 alteri
1089 2771 1103 2842 ²,

59 2878 90 2928 ut
112 2865 230 2938 dicitur,
252 2861 411 2939 inquibus
435 2862 533 2920 nullus
554 2861 645 2934 labor,
667 2862 749 2921 nulla
768 2861 919 2937 industria,
935 2865 1016 2923 nulla
1035 2885 1106 2925 cura

59 2976 110 3025 est.
154 2980 202 3040 37.
225 2958 431 3021 Admiratione
451 2968 551 3018 autem
571 2957 738 3018 afficiuntur
756 2957 785 3031 ii,
798 2958 850 3035 qui
869 2958 980 3020 anteire
1000 2962 1105 3022 ceteris

59 3086 87 3137 by
128 3085 271 3127 hdrffmnoe
308 3058 415 3118 virtute
435 3067 576 3134 putantur
595 3067 626 3117 et
645 3078 715 3117 eum
736 3058 818 3118 omni
836 3078 933 3120 carere
948 3061 1102 3137 dedecore,

59 3136 205 3238 {ww
226 3136 270 3177 ”d
308 3165 372 3215 tum
390 3173 460 3215 vero
479 3153 514 3214 iis
528 3154 605 3214 vitiis
620 3154 727 3231 quibus
743 3155 792 3214 alii
806 3175 867 3215 non
881 3156 966 3217 facile
979 3171 1103 3234 possunt
1116 3182 1147 3230 30

59 3254 207 3315 obsistere.
251 3252 332 3311 Nam
350 3262 379 3312 et
393 3253 567 3328 voluptates,
582 3251 802 3311 blandissumae
823 3252 970 3326 dominae,
985 3253 1103 3315 maioris

60 3350 146 3428 partis
170 3348 287 3409 animos
309 3366 327 3407 a
346 3346 452 3408 virtute
478 3349 656 3424 detorquent
683 3359 721 3420 et,
743 3347 881 3407 dolorum
908 3369 978 3408 cum
1002 3352 1103 3410 admo-

59 3459 161 3509 ventur
180 3450 269 3520 laces,
286 3438 401 3523 praeter
420 3446 545 3504 modum
565 3444 698 3522 plerique
716 3456 914 3507 exterrentur:
935 3446 996 3506 vita
1013 3467 1100 3522 mors,

60 3544 175 3605 divitiae
194 3552 352 3622 paupertas
372 3561 476 3602 omnes
496 3541 632 3601 homines
645 3540 902 3602 vehementissime
919 3555 1099 3620 permovent.

61 3640 140 3717 Quae
154 3638 208 3716 qui
226 3638 257 3697 in
279 3649 432 3715 utramque
449 3649 563 3714 partem
581 3639 697 3698 excelso
711 3637 810 3698 animo
825 3658 992 3716 magnoque
1006 3641 1101 3718 despi-
1113 3668 1143 3716 35

105 3773 136 3820 23
154 3758 290 3808 maledioos
310 3758 383 3818 codd,
403 3755 528 3807 maleficos
551 3757 703 3822 Wyttenbach
721 3759 759 3807 Be
776 3760 855 3808 Heine
889 3763 899 3818 ll
935 3761 966 3810 28
983 3760 1106 3812 adficiunt

61 3840 98 3890 Ba
117 3841 199 3891 Heine
211 3845 271 3904 post
289 3840 439 3888 Lambinum
503 3842 517 3899 11
583 3855 612 3908 31
635 3843 743 3894 maiores
764 3849 851 3912 partes
872 3843 955 3898 ammi
974 3845 1122 3911 prugatam
