<?xml version="1.0" encoding="UTF-8"?>
<!DOCTYPE html PUBLIC "-//W3C//DTD XHTML 1.0 Transitional//EN"
    "http://www.w3.org/TR/xhtml1/DTD/xhtml1-transitional.dtd">
<html xmlns="http://www.w3.org/1999/xhtml" xml:lang="en" lang="en">
 <head>
  <title>
</title>
<meta http-equiv="Content-Type" content="text/html;charset=utf-8" />
  <meta name='ocr-system' content='tesseract 3.04.00' />
  <meta name='ocr-capabilities' content='ocr_page ocr_carea ocr_par ocr_line ocrx_word'/>
</head>
<body>
  <div class='ocr_page' id='page_1' title='image "./deofficiislibri01cicegoog_0120.png"; bbox 0 0 2512 4192; ppageno 0'>
   <div class='ocr_carea' id='block_1_1' title="bbox 344 1075 879 1146">
    <p class='ocr_par' dir='ltr' id='par_1_1' title="bbox 344 1075 879 1146">
     <span class='ocr_line' id='line_1_1' title="bbox 344 1075 879 1146; baseline -0.011 1"><span class='ocrx_word' id='word_1_1' title='bbox 344 1081 503 1146; x_wconf 84' lang='lat' dir='ltr'>LIBER</span> <span class='ocrx_word' id='word_1_2' title='bbox 541 1075 815 1144; x_wconf 87' lang='lat' dir='ltr'>SECVNDVS</span> <span class='ocrx_word' id='word_1_3' title='bbox 876 1123 879 1128; x_wconf 86' lang='lat'><em>-</em></span> 
     </span>
    </p>
   </div>
   <div class='ocr_carea' id='block_1_2' title="bbox 74 1413 1122 1687">
    <p class='ocr_par' dir='ltr' id='par_1_2' title="bbox 74 1413 1122 1687">
     <span class='ocr_line' id='line_1_2' title="bbox 373 1413 1103 1491; baseline -0.005 -15"><span class='ocrx_word' id='word_1_4' title='bbox 373 1438 396 1476; x_wconf 91' lang='lat'>1.</span> <span class='ocrx_word' id='word_1_5' title='bbox 441 1417 535 1491; x_wconf 76' lang='lat' dir='ltr'>Qvnm</span> <span class='ocrx_word' id='word_1_6' title='bbox 549 1417 731 1476; x_wconf 91' lang='lat' dir='ltr'>admodum</span> <span class='ocrx_word' id='word_1_7' title='bbox 750 1413 847 1475; x_wconf 88' lang='lat' dir='ltr'>officia</span> <span class='ocrx_word' id='word_1_8' title='bbox 868 1415 1043 1474; x_wconf 82' lang='lat' dir='ltr'><strong>ducerentur</strong></span> <span class='ocrx_word' id='word_1_9' title='bbox 1065 1415 1103 1473; x_wconf 90' lang='lat' dir='ltr'>ab</span> 
     </span>
     <span class='ocr_line' id='line_1_3' title="bbox 86 1499 1105 1591; baseline -0.002 -17"><span class='ocrx_word' id='word_1_10' title='bbox 86 1499 248 1591; x_wconf 54' lang='lat' dir='ltr'>ffleffgngf‘</span> <span class='ocrx_word' id='word_1_11' title='bbox 310 1516 473 1586; x_wconf 90' lang='lat' dir='ltr'>honestate,</span> <span class='ocrx_word' id='word_1_12' title='bbox 490 1511 656 1585; x_wconf 72' lang='lat' dir='ltr'>Marcelli,</span> <span class='ocrx_word' id='word_1_13' title='bbox 678 1522 767 1588; x_wconf 87' lang='lat' dir='ltr'>atque</span> <span class='ocrx_word' id='word_1_14' title='bbox 781 1514 819 1572; x_wconf 89' lang='lat' dir='ltr'>ab</span> <span class='ocrx_word' id='word_1_15' title='bbox 835 1511 917 1571; x_wconf 92' lang='lat' dir='ltr'>omni</span> <span class='ocrx_word' id='word_1_16' title='bbox 929 1532 1036 1589; x_wconf 86' lang='lat' dir='ltr'>genere</span> <span class='ocrx_word' id='word_1_17' title='bbox 1051 1513 1105 1572; x_wconf 91' lang='lat' dir='ltr'>vir-</span> 
     </span>
     <span class='ocr_line' id='line_1_4' title="bbox 74 1601 1122 1687; baseline -0.001 -16"><span class='ocrx_word' id='word_1_18' title='bbox 74 1601 254 1642; x_wconf 72' lang='lat' dir='ltr'>neubemuon:</span> <span class='ocrx_word' id='word_1_19' title='bbox 310 1610 388 1684; x_wconf 91' lang='lat' dir='ltr'>tutis,</span> <span class='ocrx_word' id='word_1_20' title='bbox 414 1610 484 1670; x_wconf 89' lang='lat' dir='ltr'>satis</span> <span class='ocrx_word' id='word_1_21' title='bbox 506 1609 684 1687; x_wconf 88' lang='lat' dir='ltr'>explicatum</span> <span class='ocrx_word' id='word_1_22' title='bbox 706 1609 828 1669; x_wconf 86' lang='lat' dir='ltr'><strong>arbitror</strong></span> <span class='ocrx_word' id='word_1_23' title='bbox 850 1610 925 1670; x_wconf 93' lang='lat' dir='ltr'>libro</span> <span class='ocrx_word' id='word_1_24' title='bbox 947 1610 1122 1686; x_wconf 83' lang='lat' dir='ltr'>superiore.-</span> 
     </span>
    </p>
   </div>
   <div class='ocr_carea' id='block_1_3' title="bbox 61 1667 1110 1783">
    <p class='ocr_par' dir='ltr' id='par_1_3' title="bbox 61 1667 1110 1783">
     <span class='ocr_line' id='line_1_5' title="bbox 61 1667 1110 1783; baseline -0.001 -18"><span class='ocrx_word' id='word_1_25' title='bbox 61 1667 274 1760; x_wconf 54' lang='lat' dir='ltr'>{lihllssllilhl</span> <span class='ocrx_word' id='word_1_26' title='bbox 313 1706 448 1782; x_wconf 89' lang='lat' dir='ltr'>Sequitur</span> <span class='ocrx_word' id='word_1_27' title='bbox 468 1715 501 1764; x_wconf 92' lang='lat' dir='ltr'>ut</span> <span class='ocrx_word' id='word_1_28' title='bbox 521 1706 596 1764; x_wconf 90' lang='lat' dir='ltr'>haec</span> <span class='ocrx_word' id='word_1_29' title='bbox 623 1705 787 1765; x_wconf 89' lang='lat' dir='ltr'>officiorum</span> <span class='ocrx_word' id='word_1_30' title='bbox 813 1725 921 1782; x_wconf 90' lang='lat' dir='ltr'>genera</span> <span class='ocrx_word' id='word_1_31' title='bbox 947 1725 1110 1783; x_wconf 85' lang='lat' dir='ltr'>persequar,</span> 
     </span>
    </p>
   </div>
   <div class='ocr_carea' id='block_1_4' title="bbox 61 1767 1156 3427">
    <p class='ocr_par' dir='ltr' id='par_1_4' title="bbox 61 1767 1156 3427">
     <span class='ocr_line' id='line_1_6' title="bbox 61 1767 1148 1883; baseline 0.002 -24"><span class='ocrx_word' id='word_1_32' title='bbox 61 1767 273 1859; x_wconf 46' lang='lat' dir='ltr'>dfdhfflehlssffi&#39;idf</span> <span class='ocrx_word' id='word_1_33' title='bbox 312 1825 389 1883; x_wconf 89' lang='lat' dir='ltr'>quae</span> <span class='ocrx_word' id='word_1_34' title='bbox 408 1804 556 1882; x_wconf 83' lang='lat' dir='ltr'>pertinent</span> <span class='ocrx_word' id='word_1_35' title='bbox 576 1805 616 1864; x_wconf 91' lang='lat' dir='ltr'>ad</span> <span class='ocrx_word' id='word_1_36' title='bbox 636 1803 714 1864; x_wconf 89' lang='lat' dir='ltr'>vitae</span> <span class='ocrx_word' id='word_1_37' title='bbox 742 1804 854 1863; x_wconf 91' lang='lat' dir='ltr'>cultum</span> <span class='ocrx_word' id='word_1_38' title='bbox 882 1814 913 1864; x_wconf 92' lang='lat' dir='ltr'>et</span> <span class='ocrx_word' id='word_1_39' title='bbox 939 1805 979 1865; x_wconf 89' lang='lat' dir='ltr'>ad</span> <span class='ocrx_word' id='word_1_40' title='bbox 1005 1824 1104 1865; x_wconf 90' lang='lat' dir='ltr'>earum</span> <span class='ocrx_word' id='word_1_41' title='bbox 1134 1824 1148 1875; x_wconf 81' lang='lat'>5</span> 
     </span>
     <span class='ocr_line' id='line_1_7' title="bbox 61 1879 1106 1978; baseline -0.002 -16"><span class='ocrx_word' id='word_1_42' title='bbox 61 1879 166 1919; x_wconf 38' lang='lat' dir='ltr'>”mages</span> <span class='ocrx_word' id='word_1_43' title='bbox 310 1922 412 1975; x_wconf 86' lang='lat' dir='ltr'>rerum,</span> <span class='ocrx_word' id='word_1_44' title='bbox 427 1901 535 1978; x_wconf 93' lang='lat' dir='ltr'>quibus</span> <span class='ocrx_word' id='word_1_45' title='bbox 556 1911 679 1960; x_wconf 89' lang='lat' dir='ltr'>utuntur</span> <span class='ocrx_word' id='word_1_46' title='bbox 698 1901 841 1971; x_wconf 76' lang='lat' dir='ltr'>hominen,</span> <span class='ocrx_word' id='word_1_47' title='bbox 860 1903 1037 1976; x_wconf 82' lang='lat' dir='ltr'>facultatem,</span> <span class='ocrx_word' id='word_1_48' title='bbox 1066 1903 1106 1960; x_wconf 90' lang='lat' dir='ltr'>ad</span> 
     </span>
     <span class='ocr_line' id='line_1_8' title="bbox 61 1996 1107 2077; baseline -0.002 -17"><span class='ocrx_word' id='word_1_49' title='bbox 61 2020 141 2077; x_wconf 88' lang='lat' dir='ltr'>opes,</span> <span class='ocrx_word' id='word_1_50' title='bbox 157 2001 198 2061; x_wconf 92' lang='lat' dir='ltr'>ad</span> <span class='ocrx_word' id='word_1_51' title='bbox 212 1997 330 2075; x_wconf 84' lang='lat' dir='ltr'>copias:</span> <span class='ocrx_word' id='word_1_52' title='bbox 371 1996 403 2056; x_wconf 91' lang='lat' dir='ltr'>in</span> <span class='ocrx_word' id='word_1_53' title='bbox 416 2015 476 2075; x_wconf 94' lang='lat' dir='ltr'>quo</span> <span class='ocrx_word' id='word_1_54' title='bbox 490 2008 552 2057; x_wconf 88' lang='lat' dir='ltr'>tum</span> <span class='ocrx_word' id='word_1_55' title='bbox 573 1996 675 2073; x_wconf 88' lang='lat' dir='ltr'>quaeri</span> <span class='ocrx_word' id='word_1_56' title='bbox 695 1997 757 2059; x_wconf 89' lang='lat' dir='ltr'>dixi</span> <span class='ocrx_word' id='word_1_57' title='bbox 777 1997 849 2074; x_wconf 92' lang='lat' dir='ltr'>quid</span> <span class='ocrx_word' id='word_1_58' title='bbox 870 1997 951 2072; x_wconf 90' lang='lat' dir='ltr'>utile,</span> <span class='ocrx_word' id='word_1_59' title='bbox 972 1999 1045 2075; x_wconf 91' lang='lat' dir='ltr'>quid</span> <span class='ocrx_word' id='word_1_60' title='bbox 1065 1999 1107 2058; x_wconf 91' lang='lat' dir='ltr'>in·</span> 
     </span>
     <span class='ocr_line' id='line_1_9' title="bbox 61 2093 1106 2171; baseline -0.003 -14"><span class='ocrx_word' id='word_1_61' title='bbox 61 2097 140 2170; x_wconf 89' lang='lat' dir='ltr'>utile,</span> <span class='ocrx_word' id='word_1_62' title='bbox 155 2106 222 2156; x_wconf 89' lang='lat' dir='ltr'>tum</span> <span class='ocrx_word' id='word_1_63' title='bbox 239 2115 277 2155; x_wconf 86' lang='lat' dir='ltr'>ex</span> <span class='ocrx_word' id='word_1_64' title='bbox 294 2093 416 2154; x_wconf 87' lang='lat' dir='ltr'>utilibus</span> <span class='ocrx_word' id='word_1_65' title='bbox 437 2093 510 2171; x_wconf 90' lang='lat' dir='ltr'>quid</span> <span class='ocrx_word' id='word_1_66' title='bbox 530 2093 629 2153; x_wconf 91' lang='lat' dir='ltr'>utilius</span> <span class='ocrx_word' id='word_1_67' title='bbox 643 2103 695 2153; x_wconf 91' lang='lat' dir='ltr'>aut</span> <span class='ocrx_word' id='word_1_68' title='bbox 709 2093 782 2170; x_wconf 92' lang='lat' dir='ltr'>quid</span> <span class='ocrx_word' id='word_1_69' title='bbox 795 2094 923 2155; x_wconf 87' lang='lat' dir='ltr'>maxime</span> <span class='ocrx_word' id='word_1_70' title='bbox 936 2095 1015 2155; x_wconf 83' lang='lat' dir='ltr'>utile</span> <span class='ocrx_word' id='word_1_71' title='bbox 1058 2097 1106 2154; x_wconf 90' lang='lat' dir='ltr'>De</span> 
     </span>
     <span class='ocr_line' id='line_1_10' title="bbox 61 2189 1106 2270; baseline 0 -18"><span class='ocrx_word' id='word_1_72' title='bbox 61 2193 168 2270; x_wconf 90' lang='lat' dir='ltr'>quibus</span> <span class='ocrx_word' id='word_1_73' title='bbox 180 2191 278 2253; x_wconf 87' lang='lat' dir='ltr'>dicere</span> <span class='ocrx_word' id='word_1_74' title='bbox 288 2190 449 2269; x_wconf 88' lang='lat' dir='ltr'>adgrediar,</span> <span class='ocrx_word' id='word_1_75' title='bbox 460 2189 485 2251; x_wconf 90' lang='lat' dir='ltr'>si</span> <span class='ocrx_word' id='word_1_76' title='bbox 494 2209 589 2268; x_wconf 90' lang='lat' dir='ltr'>pauca</span> <span class='ocrx_word' id='word_1_77' title='bbox 599 2190 679 2267; x_wconf 92' lang='lat' dir='ltr'>prius</span> <span class='ocrx_word' id='word_1_78' title='bbox 694 2192 732 2250; x_wconf 93' lang='lat' dir='ltr'>de</span> <span class='ocrx_word' id='word_1_79' title='bbox 746 2189 880 2250; x_wconf 89' lang='lat' dir='ltr'>instituto</span> <span class='ocrx_word' id='word_1_80' title='bbox 893 2210 930 2250; x_wconf 92' lang='lat' dir='ltr'>ac</span> <span class='ocrx_word' id='word_1_81' title='bbox 944 2191 982 2251; x_wconf 92' lang='lat' dir='ltr'>de</span> <span class='ocrx_word' id='word_1_82' title='bbox 996 2191 1106 2252; x_wconf 91' lang='lat' dir='ltr'>iudicio</span> 
     </span>
     <span class='ocr_line' id='line_1_11' title="bbox 62 2291 1153 2352; baseline -0.007 0"><span class='ocrx_word' id='word_1_83' title='bbox 62 2313 130 2352; x_wconf 91' lang='lat' dir='ltr'>meo</span> <span class='ocrx_word' id='word_1_84' title='bbox 145 2291 256 2352; x_wconf 85' lang='lat' dir='ltr'>dixero.</span> <span class='ocrx_word' id='word_1_85' title='bbox 1123 2310 1153 2345; x_wconf 82' lang='grc' dir='ltr'>ιο</span> 
     </span>
     <span class='ocr_line' id='line_1_12' title="bbox 79 2383 1107 2462; baseline 0.002 -19"><span class='ocrx_word' id='word_1_86' title='bbox 79 2417 276 2460; x_wconf 47' lang='lat' dir='ltr'>mmmmm</span> <span class='ocrx_word' id='word_1_87' title='bbox 377 2403 402 2443; x_wconf 87' lang='lat'>2.</span> <span class='ocrx_word' id='word_1_88' title='bbox 446 2386 637 2460; x_wconf 81' lang='lat' dir='ltr'>Quamquam</span> <span class='ocrx_word' id='word_1_89' title='bbox 657 2383 736 2444; x_wconf 90' lang='lat' dir='ltr'>enim</span> <span class='ocrx_word' id='word_1_90' title='bbox 750 2383 815 2444; x_wconf 89' lang='lat' dir='ltr'>libri</span> <span class='ocrx_word' id='word_1_91' title='bbox 830 2384 921 2444; x_wconf 90' lang='lat' dir='ltr'>nostri</span> <span class='ocrx_word' id='word_1_92' title='bbox 941 2387 1107 2462; x_wconf 89' lang='lat' dir='ltr'>complures</span> 
     </span>
     <span class='ocr_line' id='line_1_13' title="bbox 63 2466 1109 2567; baseline 0.003 -29"><span class='ocrx_word' id='word_1_93' title='bbox 63 2466 279 2567; x_wconf 46' lang='lat' dir='ltr'>fflffissfehffief</span> <span class='ocrx_word' id='word_1_94' title='bbox 314 2499 375 2540; x_wconf 93' lang='lat' dir='ltr'>non</span> <span class='ocrx_word' id='word_1_95' title='bbox 403 2480 494 2540; x_wconf 91' lang='lat' dir='ltr'>modo</span> <span class='ocrx_word' id='word_1_96' title='bbox 518 2480 558 2539; x_wconf 90' lang='lat' dir='ltr'>ad</span> <span class='ocrx_word' id='word_1_97' title='bbox 578 2479 704 2556; x_wconf 76' lang='lat' dir='ltr'>legendi,</span> <span class='ocrx_word' id='word_1_98' title='bbox 717 2480 771 2540; x_wconf 94' lang='lat' dir='ltr'>sed</span> <span class='ocrx_word' id='word_1_99' title='bbox 792 2480 880 2540; x_wconf 89' lang='lat' dir='ltr'>etiarn</span> <span class='ocrx_word' id='word_1_100' title='bbox 901 2482 940 2540; x_wconf 88' lang='lat' dir='ltr'>ad</span> <span class='ocrx_word' id='word_1_101' title='bbox 961 2482 1109 2543; x_wconf 88' lang='lat' dir='ltr'>scribendi</span> 
     </span>
     <span class='ocr_line' id='line_1_14' title="bbox 62 2533 1109 2662; baseline 0.003 -25"><span class='ocrx_word' id='word_1_102' title='bbox 62 2533 214 2662; x_wconf 54' lang='lat' dir='ltr'>ffifflg</span> <span class='ocrx_word' id='word_1_103' title='bbox 221 2576 277 2658; x_wconf 59' lang='lat' dir='ltr'>pfffi</span> <span class='ocrx_word' id='word_1_104' title='bbox 314 2576 445 2637; x_wconf 89' lang='lat' dir='ltr'>studium</span> <span class='ocrx_word' id='word_1_105' title='bbox 459 2576 667 2649; x_wconf 86' lang='lat' dir='ltr'>excitaverunt,</span> <span class='ocrx_word' id='word_1_106' title='bbox 678 2587 778 2637; x_wconf 89' lang='lat' dir='ltr'>tamen</span> <span class='ocrx_word' id='word_1_107' title='bbox 792 2576 942 2637; x_wconf 91' lang='lat' dir='ltr'>interdum</span> <span class='ocrx_word' id='word_1_108' title='bbox 956 2599 1058 2640; x_wconf 89' lang='lat' dir='ltr'>vereor</span> <span class='ocrx_word' id='word_1_109' title='bbox 1072 2600 1109 2640; x_wconf 91' lang='lat' dir='ltr'>ne</span> 
     </span>
     <span class='ocr_line' id='line_1_15' title="bbox 62 2671 1109 2772; baseline 0.003 -39"><span class='ocrx_word' id='word_1_110' title='bbox 62 2671 196 2772; x_wconf 49' lang='lat' dir='ltr'>¹⁰331&#39;hffis</span> <span class='ocrx_word' id='word_1_111' title='bbox 212 2719 274 2760; x_wconf 52' lang='lat' dir='ltr'>dmi,</span> <span class='ocrx_word' id='word_1_112' title='bbox 313 2673 491 2749; x_wconf 87' lang='lat' dir='ltr'>quibusdam</span> <span class='ocrx_word' id='word_1_113' title='bbox 512 2673 600 2735; x_wconf 92' lang='lat' dir='ltr'>bonis</span> <span class='ocrx_word' id='word_1_114' title='bbox 621 2673 690 2733; x_wconf 88' lang='lat' dir='ltr'>viris</span> <span class='ocrx_word' id='word_1_115' title='bbox 711 2673 916 2751; x_wconf 89' lang='lat' dir='ltr'>philosophiae</span> <span class='ocrx_word' id='word_1_116' title='bbox 938 2695 1049 2736; x_wconf 89' lang='lat' dir='ltr'>nornen</span> <span class='ocrx_word' id='word_1_117' title='bbox 1073 2677 1109 2736; x_wconf 90' lang='lat' dir='ltr'>sit</span> 
     </span>
     <span class='ocr_line' id='line_1_16' title="bbox 110 2769 1151 2871; baseline 0.01 -42"><span class='ocrx_word' id='word_1_118' title='bbox 110 2771 189 2862; x_wconf 55' lang='grc' dir='ltr'>ξξδῗξ</span> <span class='ocrx_word' id='word_1_119' title='bbox 204 2770 275 2871; x_wconf 47' lang='lat' dir='ltr'>gfff</span> <span class='ocrx_word' id='word_1_120' title='bbox 313 2771 441 2831; x_wconf 90' lang='lat' dir='ltr'>invisum</span> <span class='ocrx_word' id='word_1_121' title='bbox 455 2769 656 2848; x_wconf 89' lang='lat' dir='ltr'>mirenturque</span> <span class='ocrx_word' id='word_1_122' title='bbox 669 2770 700 2830; x_wconf 93' lang='lat' dir='ltr'>in</span> <span class='ocrx_word' id='word_1_123' title='bbox 714 2780 880 2845; x_wconf 79' lang='lat' dir='ltr'>eatantum</span> <span class='ocrx_word' id='word_1_124' title='bbox 894 2790 943 2831; x_wconf 92' lang='lat' dir='ltr'>me</span> <span class='ocrx_word' id='word_1_125' title='bbox 957 2791 1064 2849; x_wconf 89' lang='lat' dir='ltr'>operae</span> <span class='ocrx_word' id='word_1_126' title='bbox 1079 2785 1109 2833; x_wconf 89' lang='lat' dir='ltr'>et</span> <span class='ocrx_word' id='word_1_127' title='bbox 1125 2789 1151 2838; x_wconf 82' lang='lat'>15</span> 
     </span>
     <span class='ocr_line' id='line_1_17' title="bbox 110 2867 1110 2946; baseline 0 -17"><span class='ocrx_word' id='word_1_128' title='bbox 110 2871 234 2914; x_wconf 49' lang='lat' dir='ltr'>0²¹²&amp;ss</span> <span class='ocrx_word' id='word_1_129' title='bbox 312 2867 453 2945; x_wconf 90' lang='lat' dir='ltr'>temporis</span> <span class='ocrx_word' id='word_1_130' title='bbox 466 2886 585 2943; x_wconf 89' lang='lat' dir='ltr'>ponere.</span> <span class='ocrx_word' id='word_1_131' title='bbox 618 2869 683 2944; x_wconf 87' lang='lat' dir='ltr'>Ego</span> <span class='ocrx_word' id='word_1_132' title='bbox 697 2877 901 2944; x_wconf 68' lang='lat' dir='ltr'>autenqquam</span> <span class='ocrx_word' id='word_1_133' title='bbox 916 2868 967 2927; x_wconf 90' lang='lat' dir='ltr'>diu</span> <span class='ocrx_word' id='word_1_134' title='bbox 978 2888 1024 2929; x_wconf 91' lang='lat' dir='ltr'>res</span> <span class='ocrx_word' id='word_1_135' title='bbox 1038 2872 1110 2946; x_wconf 93' lang='lat' dir='ltr'>pub-</span> 
     </span>
     <span class='ocr_line' id='line_1_18' title="bbox 65 2962 1110 3044; baseline 0.001 -18"><span class='ocrx_word' id='word_1_136' title='bbox 65 2966 119 3028; x_wconf 86' lang='lat' dir='ltr'>lica</span> <span class='ocrx_word' id='word_1_137' title='bbox 132 2986 187 3044; x_wconf 91' lang='lat' dir='ltr'>per</span> <span class='ocrx_word' id='word_1_138' title='bbox 199 2985 252 3026; x_wconf 89' lang='lat' dir='ltr'>eos</span> <span class='ocrx_word' id='word_1_139' title='bbox 265 2966 431 3042; x_wconf 86' lang='lat' dir='ltr'>gerebatur,</span> <span class='ocrx_word' id='word_1_140' title='bbox 446 2963 554 3040; x_wconf 91' lang='lat' dir='ltr'>quibus</span> <span class='ocrx_word' id='word_1_141' title='bbox 568 2962 678 3041; x_wconf 85' lang='lat' dir='ltr'>seipsa</span> <span class='ocrx_word' id='word_1_142' title='bbox 692 2963 887 3033; x_wconf 83' lang='lat' dir='ltr'>commiserat,</span> <span class='ocrx_word' id='word_1_143' title='bbox 903 2984 1007 3026; x_wconf 89' lang='lat' dir='ltr'>omnes</span> <span class='ocrx_word' id='word_1_144' title='bbox 1029 2987 1110 3028; x_wconf 86' lang='lat' dir='ltr'>meas</span> 
     </span>
     <span class='ocr_line' id='line_1_19' title="bbox 66 3059 1112 3140; baseline -0.002 -16"><span class='ocrx_word' id='word_1_145' title='bbox 66 3083 147 3124; x_wconf 84' lang='lat' dir='ltr'>curas</span> <span class='ocrx_word' id='word_1_146' title='bbox 160 3061 415 3140; x_wconf 83' lang='lat' dir='ltr'>cogitationesque</span> <span class='ocrx_word' id='word_1_147' title='bbox 429 3059 460 3118; x_wconf 92' lang='lat' dir='ltr'>in</span> <span class='ocrx_word' id='word_1_148' title='bbox 474 3078 541 3119; x_wconf 86' lang='lat' dir='ltr'>eam</span> <span class='ocrx_word' id='word_1_149' title='bbox 555 3060 753 3119; x_wconf 83' lang='lat' dir='ltr'>conferebam</span> <span class='ocrx_word' id='word_1_150' title='bbox 799 3060 877 3137; x_wconf 85' lang='lat' dir='ltr'>Cum</span> <span class='ocrx_word' id='word_1_151' title='bbox 897 3071 997 3123; x_wconf 88' lang='lat' dir='ltr'>autem</span> <span class='ocrx_word' id='word_1_152' title='bbox 1018 3062 1112 3122; x_wconf 92' lang='lat' dir='ltr'>domi·</span> 
     </span>
     <span class='ocr_line' id='line_1_20' title="bbox 66 3156 1111 3232; baseline 0 -13"><span class='ocrx_word' id='word_1_153' title='bbox 66 3171 134 3220; x_wconf 81' lang='lat' dir='ltr'>natu</span> <span class='ocrx_word' id='word_1_154' title='bbox 147 3158 237 3219; x_wconf 89' lang='lat' dir='ltr'>unius</span> <span class='ocrx_word' id='word_1_155' title='bbox 249 3156 350 3218; x_wconf 87' lang='lat' dir='ltr'>omnia</span> <span class='ocrx_word' id='word_1_156' title='bbox 363 3165 532 3217; x_wconf 90' lang='lat' dir='ltr'>tenerentur</span> <span class='ocrx_word' id='word_1_157' title='bbox 552 3174 650 3231; x_wconf 91' lang='lat' dir='ltr'>neque</span> <span class='ocrx_word' id='word_1_158' title='bbox 670 3166 748 3216; x_wconf 90' lang='lat' dir='ltr'>esset</span> <span class='ocrx_word' id='word_1_159' title='bbox 768 3175 894 3232; x_wconf 86' lang='lat' dir='ltr'>usquam</span> <span class='ocrx_word' id='word_1_160' title='bbox 914 3156 1038 3219; x_wconf 89' lang='lat' dir='ltr'>consilio</span> <span class='ocrx_word' id='word_1_161' title='bbox 1058 3171 1111 3219; x_wconf 91' lang='lat' dir='ltr'>aut</span> 
     </span>
     <span class='ocr_line' id='line_1_21' title="bbox 68 3251 1156 3331; baseline -0.001 -14"><span class='ocrx_word' id='word_1_162' title='bbox 68 3254 231 3317; x_wconf 86' lang='lat' dir='ltr'>auctoritati</span> <span class='ocrx_word' id='word_1_163' title='bbox 243 3256 336 3328; x_wconf 84' lang='lat' dir='ltr'>locus,</span> <span class='ocrx_word' id='word_1_164' title='bbox 351 3253 449 3314; x_wconf 92' lang='lat' dir='ltr'>socios</span> <span class='ocrx_word' id='word_1_165' title='bbox 464 3251 595 3330; x_wconf 89' lang='lat' dir='ltr'>denique</span> <span class='ocrx_word' id='word_1_166' title='bbox 613 3253 742 3314; x_wconf 84' lang='lat' dir='ltr'>tuendae</span> <span class='ocrx_word' id='word_1_167' title='bbox 759 3253 802 3314; x_wconf 88' lang='lat' dir='ltr'>rei</span> <span class='ocrx_word' id='word_1_168' title='bbox 822 3254 967 3331; x_wconf 87' lang='lat' dir='ltr'>publicae,</span> <span class='ocrx_word' id='word_1_169' title='bbox 979 3275 1111 3317; x_wconf 90' lang='lat' dir='ltr'>summos</span> <span class='ocrx_word' id='word_1_170' title='bbox 1125 3271 1156 3306; x_wconf 79' lang='lat'>²0</span> 
     </span>
     <span class='ocr_line' id='line_1_22' title="bbox 68 3348 1112 3427; baseline 0.002 -15"><span class='ocrx_word' id='word_1_171' title='bbox 68 3351 331 3425; x_wconf 70' lang='lat' dir='ltr'>virosamisissem,</span> <span class='ocrx_word' id='word_1_172' title='bbox 348 3369 406 3410; x_wconf 89' lang='lat' dir='ltr'>nee</span> <span class='ocrx_word' id='word_1_173' title='bbox 419 3368 468 3409; x_wconf 91' lang='lat' dir='ltr'>me</span> <span class='ocrx_word' id='word_1_174' title='bbox 482 3348 641 3426; x_wconf 84' lang='lat' dir='ltr'>angoribus</span> <span class='ocrx_word' id='word_1_175' title='bbox 662 3349 774 3423; x_wconf 92' lang='lat' dir='ltr'>dedidi‚</span> <span class='ocrx_word' id='word_1_176' title='bbox 796 3349 904 3427; x_wconf 91' lang='lat' dir='ltr'>quibus</span> <span class='ocrx_word' id='word_1_177' title='bbox 925 3370 1022 3412; x_wconf 89' lang='lat' dir='ltr'>essem</span> <span class='ocrx_word' id='word_1_178' title='bbox 1042 3373 1112 3414; x_wconf 93' lang='lat' dir='ltr'>con·</span> 
     </span>
    </p>
   </div>
   <div class='ocr_carea' id='block_1_5' title="bbox 70 3445 1111 3524">
    <p class='ocr_par' dir='ltr' id='par_1_5' title="bbox 70 3445 1111 3524">
     <span class='ocr_line' id='line_1_23' title="bbox 70 3445 1111 3524; baseline 0.003 -17"><span class='ocrx_word' id='word_1_179' title='bbox 70 3450 159 3509; x_wconf 83' lang='lat' dir='ltr'>lectus</span> <span class='ocrx_word' id='word_1_180' title='bbox 179 3447 237 3508; x_wconf 88' lang='lat' dir='ltr'>nisi</span> <span class='ocrx_word' id='word_1_181' title='bbox 259 3445 294 3506; x_wconf 91' lang='lat' dir='ltr'>iis</span> <span class='ocrx_word' id='word_1_182' title='bbox 312 3445 493 3520; x_wconf 87' lang='lat' dir='ltr'>restitissem,</span> <span class='ocrx_word' id='word_1_183' title='bbox 514 3465 572 3507; x_wconf 90' lang='lat' dir='ltr'>nec</span> <span class='ocrx_word' id='word_1_184' title='bbox 592 3465 707 3504; x_wconf 90' lang='lat' dir='ltr'>rursum</span> <span class='ocrx_word' id='word_1_185' title='bbox 727 3445 857 3524; x_wconf 86' lang='lat' dir='ltr'>indignis</span> <span class='ocrx_word' id='word_1_186' title='bbox 878 3447 1000 3509; x_wconf 90' lang='lat' dir='ltr'>homine</span> <span class='ocrx_word' id='word_1_187' title='bbox 1021 3450 1111 3510; x_wconf 88' lang='lat' dir='ltr'>docto</span> 
     </span>
    </p>
   </div>
   <div class='ocr_carea' id='block_1_6' title="bbox 70 3570 1111 3735">
    <p class='ocr_par' dir='ltr' id='par_1_6' title="bbox 70 3570 1111 3735">
     <span class='ocr_line' id='line_1_24' title="bbox 114 3570 1111 3656; baseline -0.002 -14"><span class='ocrx_word' id='word_1_188' title='bbox 114 3593 280 3656; x_wconf 79' lang='lat' dir='ltr'>7cIausulam</span> <span class='ocrx_word' id='word_1_189' title='bbox 297 3591 323 3640; x_wconf 88' lang='lat' dir='ltr'>iu</span> <span class='ocrx_word' id='word_1_190' title='bbox 345 3591 535 3655; x_wconf 85' lang='lat' dir='ltr'>quo-maxime</span> <span class='ocrx_word' id='word_1_191' title='bbox 553 3589 614 3639; x_wconf 88' lang='lat' dir='ltr'>utile</span> <span class='ocrx_word' id='word_1_192' title='bbox 636 3590 786 3639; x_wconf 81' lang='lat' dir='ltr'>secluserunt</span> <span class='ocrx_word' id='word_1_193' title='bbox 806 3570 844 3639; x_wconf 82' lang='lat' dir='ltr'>Or</span> <span class='ocrx_word' id='word_1_194' title='bbox 860 3593 901 3640; x_wconf 87' lang='lat' dir='ltr'>Ba</span> <span class='ocrx_word' id='word_1_195' title='bbox 921 3591 1010 3648; x_wconf 82' lang='lat' dir='ltr'>Heine,</span> <span class='ocrx_word' id='word_1_196' title='bbox 1031 3592 1111 3641; x_wconf 85' lang='lat' dir='ltr'>delent</span> 
     </span>
     <span class='ocr_line' id='line_1_25' title="bbox 70 3670 998 3735; baseline 0 -15"><span class='ocrx_word' id='word_1_197' title='bbox 70 3671 213 3722; x_wconf 77' lang='lat' dir='ltr'>Facciolatus</span> <span class='ocrx_word' id='word_1_198' title='bbox 223 3672 393 3720; x_wconf 81' lang='lat' dir='ltr'>Heumannur</span> <span class='ocrx_word' id='word_1_199' title='bbox 406 3670 567 3720; x_wconf 78' lang='lat' dir='ltr'>Gernhardus</span> <span class='ocrx_word' id='word_1_200' title='bbox 601 3673 611 3727; x_wconf 83' lang='grc' dir='ltr'>ΙΙ</span> <span class='ocrx_word' id='word_1_201' title='bbox 649 3684 676 3718; x_wconf 82' lang='lat' dir='ltr'>ar</span> <span class='ocrx_word' id='word_1_202' title='bbox 695 3685 762 3719; x_wconf 88' lang='lat' dir='ltr'>eram</span> <span class='ocrx_word' id='word_1_203' title='bbox 768 3677 825 3735; x_wconf 82' lang='lat' dir='ltr'>post</span> <span class='ocrx_word' id='word_1_204' title='bbox 835 3671 949 3720; x_wconf 83' lang='lat' dir='ltr'>Nonium</span> <span class='ocrx_word' id='word_1_205' title='bbox 961 3672 998 3720; x_wconf 83' lang='lat' dir='ltr'>Be</span> 
     </span>
    </p>
   </div>
   <div class='ocr_carea' id='block_1_7' title="bbox 0 0 1271 4192">
    <p class='ocr_par' dir='ltr' id='par_1_7' title="bbox 0 0 1271 4192">
     <span class='ocr_line' id='line_1_26' title="bbox 0 0 1271 4192; baseline 0 0"><span class='ocrx_word' id='word_1_206' title='bbox 0 0 1271 4192; x_wconf 95' lang='lat' dir='ltr'> </span> 
     </span>
    </p>
   </div>
  </div>
 </body>
</html>
