2512 4192
129 198 183 238 112
377 176 427 235 De
444 177 609 235 contentione
626 175 748 234 Honesti
765 181 792 235 et
817 177 904 236 (stilis
1007 175 1110 259 [1le
1125 182 1164 254 46

126 344 360 405 mendandorum
381 362 498 402 suorum
519 361 606 402 causa
625 342 839 419 postulavisset,
852 362 904 404 vas
924 346 1018 405 factus
1038 345 1075 406 sit
1093 347 1167 408 alter

126 442 190 503 eius
211 440 341 513 sistendi,
356 451 396 512 ut,
412 439 436 498 si
457 439 506 499 ille
528 459 589 499 non
609 439 780 513 revertisset,
795 440 983 501 moriendum
1004 453 1083 504 esset
1104 442 1167 521 ipsi.

80 596 81 600 ,
128 540 188 616 Qui
206 559 275 598 cum
294 539 333 598 ad
352 538 431 597 diem
449 557 482 597 se
499 536 663 613 recepisset,
679 536 837 597 admiratus
852 557 955 599 eorum
969 540 1063 600 fidem
1075 549 1170 618 tyran-

127 657 183 697 nus
197 635 307 713 petivit,
321 645 353 694 ut
367 654 399 694 se
413 636 451 694 ad
465 634 624 694 amicitiam
637 633 754 693 tertium
773 634 958 696 ascriberent.
1001 637 1050 710 46.
1094 638 1173 699 Cum

126 733 213 811 igitur
226 733 266 805 id,
281 732 363 808 quod
381 730 451 791 utile
472 730 588 791 videtur
609 729 640 789 in
661 730 797 803 amicitia,
812 750 881 790 cum
902 750 948 803 e0,
962 733 1048 809 quod
1068 733 1173 795 hones
1198 764 1203 810 4

127 842 190 889 tum
211 839 261 899 est,
275 839 467 904 comparatur,
490 827 584 887 iaceat
604 827 736 887 utilitatis
758 827 879 904 species,
902 829 1000 888 valeat
1022 831 1171 891 honestas·

128 927 205 986 Cum
225 936 321 984 autem
342 925 371 982 in
390 923 526 997 amicitia,
541 944 617 1000 quae
631 925 756 984 honesta
769 944 830 983 non
845 935 921 997 sunt,
936 927 1173 1001 postulabuntur,

128 1019 229 1098 religio
251 1030 280 1079 et
301 1019 375 1078 fides
397 1030 592 1097 anteponatur
607 1019 760 1080 amicitiae.
796 1019 845 1080 Sic
862 1020 1022 1081 habebitur
1034 1021 1069 1097 is,
1084 1041 1172 1101 quem

130 1115 315 1194 exquirimus,
322 1116 446 1176 dilectus
460 1116 556 1176 officii.
697 1116 706 1127 ‘

79 1226 119 1275 xl
439 1214 499 1272 Sed
519 1211 649 1272 utilitatis
670 1211 768 1289 specie
789 1211 819 1271 in
847 1211 1002 1290 republica
1041 1215 1172 1294 saepissi-
1186 1241 1203 1276 n

156 1327 250 1368 mtrem
278 1327 341 1369 eom·
379 1327 427 1368 me
441 1319 586 1385 peccatur,
601 1318 634 1367 ut
648 1307 679 1367 in
694 1307 828 1368 Corinthi
839 1307 1054 1371 disturbatione
1065 1311 1172 1374 nostri:

128 1377 343 1469 laliulfeiileililll
380 1407 480 1467 durius
494 1406 583 1466 etiam
596 1405 801 1478 Athenienses,
817 1404 868 1482 qui
882 1405 1033 1468 sciverunt
1042 1419 1076 1469 ut
1086 1410 1173 1489 Aegi·

128 1479 200 1518 drawn
214 1487 235 1518 to
248 1479 305 1518 what
322 1477 340 1518 is

128 1528 339 1578 marytneappear-
377 1504 461 1578 netiS,
477 1503 528 1580 qui
548 1506 641 1564 classe
660 1503 806 1576 valebant,
825 1504 948 1580 pollices
968 1507 1171 1582 praecideren-

128 1577 339 1669 ²¹¹⁰insssloessr⁰fi“
378 1613 431 1662 tur.
476 1604 547 1661 Hoc
560 1601 655 1661 visum
670 1611 714 1660 est
728 1600 812 1661 utile:
834 1600 921 1660 nimis
940 1601 1022 1662 enim
1039 1603 1171 1666 immine·

376 1698 427 1758 bat
440 1708 558 1774 propter
571 1695 820 1773 propinquitatem
832 1696 946 1772 Aegina
957 1697 1090 1760 Piraeeo.
1113 1700 1170 1762 Sed
1183 1722 1203 1770 ¹!

128 1796 200 1856 nihil
215 1796 296 1873 quod
309 1795 427 1855 crudele
440 1793 529 1853 utile:
550 1804 594 1852 est
608 1792 687 1852 enirn
706 1792 862 1852 hominum
876 1804 1008 1868 naturae,
1024 1815 1116 1873 quam
1129 1817 1169 1858 se

127 1894 179 1969 qui
193 1893 343 1964 debemus,
359 1888 483 1948 maxime
497 1887 616 1946 inimica
629 1886 792 1947 crudelitas.
836 1905 884 1961 47.
917 1890 1001 1950 Male
1015 1890 1106 1951 etiam
1120 1891 1168 1968 qui

126 1989 293 2067 peregrinos
312 1987 433 2047 urbibus
452 1985 496 2044 uti
516 1984 673 2062 prohibent
693 2004 803 2061 eosque
823 1985 1029 2061 exterminant,
1043 2000 1078 2049 ut
1097 1991 1166 2050 Peu-

127 2104 182 2144 nus
203 2084 283 2159 apud
303 2091 398 2158 patres
419 2089 542 2150 nostros
563 2077 670 2154 Papius
691 2096 791 2153 nuper.
835 2079 912 2136 Nam
935 2097 1000 2140 esse
1021 2099 1076 2157 pro
1096 2080 1165 2153 cive,

126 2181 177 2259 qui
199 2179 270 2239 civis
292 2197 352 2238 non
375 2175 419 2248 sit,
435 2185 547 2235 rectum
569 2185 613 2234 est
635 2193 696 2233 non
715 2174 811 2247 licere,
826 2193 915 2250 quam
929 2175 1027 2253 legem
1041 2179 1197 2240 tuleruntro

127 2273 334 2355 sapientissimi
348 2273 484 2333 consules
499 2273 620 2331 Crassus
634 2282 663 2330 et
678 2273 832 2332 Scaevola:
854 2291 907 2331 usu
924 2291 995 2333 vero
1010 2274 1091 2339 urbis
1104 2294 1162 2353 pro

375 2371 476 2430 hibere
503 2369 671 2447 peregrinos
699 2389 770 2430 sane
799 2371 995 2432 inhumanum
1016 2385 1069 2436 est.
1112 2377 1203 2440 Illam·

126 2451 341 2592 cofft'sssslfflffisslsslsss
375 2468 530 2544 praeclara,
553 2465 584 2524 in
610 2465 716 2542 quihus
740 2465 875 2574 publicae
897 2466 1031 2528 utilitatis
1055 2469 1161 2573 speeies

126 2557 337 2658 ἱξζῇῗρξξζζξῇᾗ
374 2584 443 2641 prae
470 2565 623 2623 honestate
651 2574 857 2648 contemnrtur.
900 2566 994 2624 Plena
1021 2569 1160 2659 engnmlo

126 2657 215 2706 1⁰⁶¹&-
376 2679 440 2719 rum
454 2669 499 2718 est
513 2669 612 2718 nostra
625 2677 670 2719 res
683 2658 802 2735 publica
815 2677 882 2718 cum
898 2679 987 2737 saepe
1000 2672 1066 2722 tum
1079 2661 1159 2723 mari
1167 2680 1190 2730 ²5

126 2777 173 2819 me
196 2759 274 2818 hello
296 2755 409 2815 Punico
432 2756 571 2827 secundo,
585 2773 664 2832 quae
686 2754 836 2815 Cannensi
857 2756 1025 2818 calamitate
1046 2769 1158 2836 accepta

125 2852 249 2912 maiores
271 2851 385 2910 animos
406 2849 507 2908 habuit
530 2868 618 2924 quam
640 2868 781 2925 umquam
797 2850 885 2910 rebus
907 2853 1066 2914 secundis:
1087 2856 1158 2915 nulla

125 2949 237 3010 timoris
251 2946 432 3024 significatio,
448 2947 528 3004 nulla
541 2945 652 3005 mentio
666 2945 754 3023 pacis.
797 2950 895 3008 Tanta
912 2949 956 3010 vis
975 2962 1021 3012 est
1038 2951 1155 3025 honesti,

125 3056 157 3104 ut
172 3044 300 3120 speciem
313 3042 443 3103 utilitatis
457 3042 602 3102 obscuret.
644 3044 690 3114 48.
721 3042 915 3105 Athenienses
930 3065 1000 3106 cum
1014 3050 1156 3110 Persarum

83 3176 92 3199 v.
126 3141 269 3216 impetum
289 3140 370 3198 nullo
391 3139 482 3197 modo
502 3147 622 3215 possent
641 3137 782 3199 sustinere
803 3151 1024 3219 statuerentque
1043 3155 1077 3205 ut
1093 3144 1186 3212 urben

125 3236 233 3308 relicta,
254 3233 427 3312 coniugibus
447 3244 484 3293 'et
511 3231 608 3293 liberis
635 3236 787 3294 Troezene
808 3235 958 3311 depositis,
981 3257 1071 3301 naves
1096 3257 1154 3301 cou-

125 3333 299 3392 scenderent
325 3331 546 3406 libertatemque
568 3329 707 3390 Graeciae
735 3332 827 3391 classe
847 3333 1051 3411 defenderent,
1072 3332 1154 3415 Cyni

126 3430 188 3486 lum
215 3426 363 3503 quendam
390 3426 572 3498 suadentem,
593 3425 677 3485 utin
700 3425 772 3487 urbe
798 3439 952 3489 manerent
977 3432 1152 3509 Xerxemque

176 3613 186 3645 1
205 3597 282 3646 factus
298 3602 335 3645 est
348 3594 412 3644 codd.
426 3594 492 3659 quod
503 3595 611 3644 seenorn't
622 3593 653 3644 St
661 3595 734 3658 plene
744 3595 896 3658 interpuncta
906 3603 964 3661 port
977 3594 1051 3649 mdo
1063 3598 1151 3649 intem

124 3679 211 3736 suisse;
228 3677 306 3725 factus
324 3675 356 3725 sit
375 3676 413 3725 Or
424 3677 466 3724 Ba
481 3675 562 3724 Heine
570 3676 612 3724 Lu
623 3682 680 3739 post
696 3676 845 3724 Manutiune
880 3679 891 3735 ΙΙ
928 3678 959 3727 18
975 3678 1151 3731 Fmimfla

123 3760 207 3809 Beieri
215 3759 278 3808 coni.
325 3760 335 3816 ΙΙ
382 3772 413 3819 ²5
431 3773 504 3821 saepe
520 3757 581 3806 alias
601 3758 643 3817 Or,
660 3757 723 3820 confi
737 3769 758 3805 11
775 3758 788 3818 ἕ
801 3756 947 3819 20111886
957 3764 985 3811 et
996 3756 1040 3811 ιῚ
1140 3766 1153 3808 l

113 3842 200 3904 sponse,
215 3841 293 3891 Aeaei.
307 3853 318 3891 1
324 3847 351 3908 p·
368 3855 422 3908 339,
438 3856 513 3908 saepe
525 3841 565 3893 Bo
577 3841 656 3892 Heine
670 3842 707 3891 Lu
721 3843 759 3893 Za
1201 3852 1203 3855 ·
