<?xml version="1.0" encoding="UTF-8"?>
<!DOCTYPE html PUBLIC "-//W3C//DTD XHTML 1.0 Transitional//EN"
    "http://www.w3.org/TR/xhtml1/DTD/xhtml1-transitional.dtd">
<html xmlns="http://www.w3.org/1999/xhtml" xml:lang="en" lang="en">
 <head>
  <title>
</title>
<meta http-equiv="Content-Type" content="text/html;charset=utf-8" />
  <meta name='ocr-system' content='tesseract 3.04.00' />
  <meta name='ocr-capabilities' content='ocr_page ocr_carea ocr_par ocr_line ocrx_word'/>
</head>
<body>
  <div class='ocr_page' id='page_1' title='image "./deofficiislibri01cicegoog_0343.png"; bbox 0 0 2512 4192; ppageno 0'>
   <div class='ocr_carea' id='block_1_1' title="bbox 334 142 1115 233">
    <p class='ocr_par' dir='ltr' id='par_1_1' title="bbox 334 142 1115 233">
     <span class='ocr_line' id='line_1_1' title="bbox 334 142 1115 233; baseline -0.001 -17"><span class='ocrx_word' id='word_1_1' title='bbox 334 155 489 217; x_wconf 89' lang='lat' dir='ltr'><em>NOTES</em></span> <span class='ocrx_word' id='word_1_2' title='bbox 526 157 616 214; x_wconf 82' lang='lat' dir='ltr'><em>Boor</em></span> <span class='ocrx_word' id='word_1_3' title='bbox 632 156 665 214; x_wconf 88' lang='lat' dir='ltr'><em>II</em></span> <span class='ocrx_word' id='word_1_4' title='bbox 686 171 762 214; x_wconf 90' lang='lat' dir='ltr'><em>cvn</em></span> <span class='ocrx_word' id='word_1_5' title='bbox 782 155 846 232; x_wconf 83' lang='lat'><em>525</em></span> <span class='ocrx_word' id='word_1_6' title='bbox 1044 142 1115 233; x_wconf 58' lang='lat'><em>3257</em></span> 
     </span>
    </p>
   </div>
   <div class='ocr_carea' id='block_1_2' title="bbox 61 321 1208 1615">
    <p class='ocr_par' dir='ltr' id='par_1_2' title="bbox 61 321 1208 1615">
     <span class='ocr_line' id='line_1_2' title="bbox 68 321 1118 387; baseline 0 -14"><span class='ocrx_word' id='word_1_7' title='bbox 68 323 190 387; x_wconf 81' lang='lat' dir='ltr'>Syracuse</span> <span class='ocrx_word' id='word_1_8' title='bbox 201 323 265 373; x_wconf 87' lang='lat' dir='ltr'><em>from</em></span> <span class='ocrx_word' id='word_1_9' title='bbox 277 335 331 373; x_wconf 67' lang='lat' dir='ltr'><em>lac.</em></span> <span class='ocrx_word' id='word_1_10' title='bbox 344 323 392 385; x_wconf 83' lang='lat'><em>406</em></span> <span class='ocrx_word' id='word_1_11' title='bbox 402 331 429 373; x_wconf 93' lang='lat' dir='ltr'><em>to</em></span> <span class='ocrx_word' id='word_1_12' title='bbox 441 336 464 373; x_wconf 80' lang='grc' dir='ltr'><em>Β.</em></span> <span class='ocrx_word' id='word_1_13' title='bbox 472 336 496 372; x_wconf 91' lang='lat' dir='ltr'><em>c.</em></span> <span class='ocrx_word' id='word_1_14' title='bbox 525 321 565 386; x_wconf 82' lang='lat'><em>67.</em></span> <span class='ocrx_word' id='word_1_15' title='bbox 601 322 656 372; x_wconf 86' lang='lat' dir='ltr'><em>The</em></span> <span class='ocrx_word' id='word_1_16' title='bbox 666 338 733 372; x_wconf 87' lang='lat' dir='ltr'><em>same</em></span> <span class='ocrx_word' id='word_1_17' title='bbox 745 322 865 372; x_wconf 89' lang='lat' dir='ltr'><em>anecdote</em></span> <span class='ocrx_word' id='word_1_18' title='bbox 876 322 957 372; x_wconf 89' lang='lat' dir='ltr'><strong>which</strong></span> <span class='ocrx_word' id='word_1_19' title='bbox 968 322 989 372; x_wconf 93' lang='lat' dir='ltr'><em>is</em></span> <span class='ocrx_word' id='word_1_20' title='bbox 1000 323 1118 374; x_wconf 84' lang='lat' dir='ltr'>recorded</span> 
     </span>
     <span class='ocr_line' id='line_1_3' title="bbox 68 387 1118 450; baseline -0.001 -12"><span class='ocrx_word' id='word_1_21' title='bbox 68 387 161 438; x_wconf 89' lang='lat' dir='ltr'><em>hereis</em></span> <span class='ocrx_word' id='word_1_22' title='bbox 176 388 231 437; x_wconf 88' lang='lat' dir='ltr'><em>also</em></span> <span class='ocrx_word' id='word_1_23' title='bbox 263 388 319 437; x_wconf 85' lang='lat' dir='ltr'><em>&#39;ven</em></span> <span class='ocrx_word' id='word_1_24' title='bbox 333 387 360 436; x_wconf 89' lang='lat' dir='ltr'><em>in</em></span> <span class='ocrx_word' id='word_1_25' title='bbox 400 403 451 438; x_wconf 85' lang='lat' dir='ltr'><em>use.</em></span> <span class='ocrx_word' id='word_1_26' title='bbox 535 388 574 450; x_wconf 87' lang='lat'><em>58,</em></span> <span class='ocrx_word' id='word_1_27' title='bbox 589 388 639 436; x_wconf 90' lang='lat' dir='ltr'><em>and</em></span> <span class='ocrx_word' id='word_1_28' title='bbox 657 388 678 436; x_wconf 92' lang='lat' dir='ltr'><em>is</em></span> <span class='ocrx_word' id='word_1_29' title='bbox 696 388 749 437; x_wconf 92' lang='lat' dir='ltr'><em>told</em></span> <span class='ocrx_word' id='word_1_30' title='bbox 764 388 798 449; x_wconf 95' lang='lat' dir='ltr'><em>by</em></span> <span class='ocrx_word' id='word_1_31' title='bbox 811 387 925 436; x_wconf 86' lang='lat' dir='ltr'><em>Valerius</em></span> <span class='ocrx_word' id='word_1_32' title='bbox 944 387 1069 437; x_wconf 86' lang='lat' dir='ltr'>Maximus</span> <span class='ocrx_word' id='word_1_33' title='bbox 1086 400 1118 437; x_wconf 85' lang='lat' dir='ltr'><em>tx</em></span> 
     </span>
     <span class='ocr_line' id='line_1_4' title="bbox 69 403 1119 516; baseline 0 -14"><span class='ocrx_word' id='word_1_34' title='bbox 69 467 107 516; x_wconf 79' lang='lat'><em>13,</em></span> <span class='ocrx_word' id='word_1_35' title='bbox 119 470 135 515; x_wconf 89' lang='lat'>4</span> <span class='ocrx_word' id='word_1_36' title='bbox 147 452 209 501; x_wconf 90' lang='lat' dir='ltr'><em>with</em></span> <span class='ocrx_word' id='word_1_37' title='bbox 220 468 236 500; x_wconf 92' lang='lat' dir='ltr'><em>a</em></span> <span class='ocrx_word' id='word_1_38' title='bbox 245 403 311 502; x_wconf 72' lang='lat' dir='ltr'><em>iittle</em></span> <span class='ocrx_word' id='word_1_39' title='bbox 321 452 429 516; x_wconf 83' lang='lat' dir='ltr'><strong>variety:</strong></span> <span class='ocrx_word' id='word_1_40' title='bbox 444 453 571 501; x_wconf 87' lang='lat' dir='ltr'><em>summotis</em></span> <span class='ocrx_word' id='word_1_41' title='bbox 580 451 669 500; x_wconf 84' lang='lat' dir='ltr'><em>amicis</em></span> <span class='ocrx_word' id='word_1_42' title='bbox 679 451 708 500; x_wconf 86' lang='lat' dir='ltr'><em>in</em></span> <span class='ocrx_word' id='word_1_43' title='bbox 723 468 805 500; x_wconf 91' lang='lat' dir='ltr'><em>eorum</em></span> <span class='ocrx_word' id='word_1_44' title='bbox 820 452 898 500; x_wconf 90' lang='lat' dir='ltr'><em>locum</em></span> <span class='ocrx_word' id='word_1_45' title='bbox 905 453 1119 516; x_wconf 81' lang='lat' dir='ltr'><em>ferocissimarum</em></span> 
     </span>
     <span class='ocr_line' id='line_1_5' title="bbox 63 516 1119 582; baseline -0.001 -16"><span class='ocrx_word' id='word_1_46' title='bbox 63 517 178 582; x_wconf 79' lang='lat' dir='ltr'><em>geritium</em></span> <span class='ocrx_word' id='word_1_47' title='bbox 189 517 299 566; x_wconf 75' lang='lat' dir='ltr'><em>homines</em></span> <span class='ocrx_word' id='word_1_48' title='bbox 315 524 339 566; x_wconf 92' lang='lat' dir='ltr'><em>et</em></span> <span class='ocrx_word' id='word_1_49' title='bbox 353 533 370 565; x_wconf 93' lang='lat' dir='ltr'><em>a</em></span> <span class='ocrx_word' id='word_1_50' title='bbox 377 517 492 581; x_wconf 82' lang='lat' dir='ltr'><em>fansiliis</em></span> <span class='ocrx_word' id='word_1_51' title='bbox 506 517 662 580; x_wconf 80' lang='lat' dir='ltr'><em>locupletium</em></span> <span class='ocrx_word' id='word_1_52' title='bbox 677 516 919 580; x_wconf 86' lang='lat' dir='ltr'><em>electospraevalidos</em></span> <span class='ocrx_word' id='word_1_53' title='bbox 928 533 1015 576; x_wconf 84' lang='lat' dir='ltr'><em>servos,</em></span> <span class='ocrx_word' id='word_1_54' title='bbox 1029 518 1119 581; x_wconf 88' lang='lat' dir='ltr'><em>quibus</em></span> 
     </span>
     <span class='ocr_line' id='line_1_6' title="bbox 66 581 1119 645; baseline 0.001 -15"><span class='ocrx_word' id='word_1_55' title='bbox 66 583 146 630; x_wconf 85' lang='lat' dir='ltr'><em>latera</em></span> <span class='ocrx_word' id='word_1_56' title='bbox 157 597 205 630; x_wconf 89' lang='lat' dir='ltr'><em>sua</em></span> <span class='ocrx_word' id='word_1_57' title='bbox 215 581 376 642; x_wconf 88' lang='lat' dir='ltr'><em>committeret,</em></span> <span class='ocrx_word' id='word_1_58' title='bbox 389 583 521 631; x_wconf 81' lang='lat' dir='ltr'><em>substituit.</em></span> <span class='ocrx_word' id='word_1_59' title='bbox 547 590 672 630; x_wconf 84' lang='lat' dir='ltr'><em>tonsorum</em></span> <span class='ocrx_word' id='word_1_60' title='bbox 687 597 779 645; x_wconf 86' lang='lat' dir='ltr'><em>quoque</em></span> <span class='ocrx_word' id='word_1_61' title='bbox 794 589 858 630; x_wconf 90' lang='lat' dir='ltr'><em>metu</em></span> <span class='ocrx_word' id='word_1_62' title='bbox 870 583 967 631; x_wconf 87' lang='lat' dir='ltr'><em>tondere</em></span> <span class='ocrx_word' id='word_1_63' title='bbox 975 582 1050 644; x_wconf 86' lang='lat' dir='ltr'><em>filias</em></span> <span class='ocrx_word' id='word_1_64' title='bbox 1060 598 1119 631; x_wconf 86' lang='lat' dir='ltr'><em>suas</em></span> 
     </span>
     <span class='ocr_line' id='line_1_7' title="bbox 66 646 1208 713; baseline 0.001 -19"><span class='ocrx_word' id='word_1_65' title='bbox 66 646 158 694; x_wconf 67' lang='lat' dir='ltr'><em>menet.</em></span> <span class='ocrx_word' id='word_1_66' title='bbox 182 662 293 710; x_wconf 89' lang='lat' dir='ltr'><em>quarum</em></span> <span class='ocrx_word' id='word_1_67' title='bbox 301 646 421 709; x_wconf 58' lang='lat' dir='ltr'><em>ursonem,</em></span> <span class='ocrx_word' id='word_1_68' title='bbox 426 647 556 710; x_wconf 85' lang='lat' dir='ltr'><em>postquam</em></span> <span class='ocrx_word' id='word_1_69' title='bbox 565 646 747 694; x_wconf 86' lang='lat' dir='ltr'><em>adultaeaetati</em></span> <span class='ocrx_word' id='word_1_70' title='bbox 755 646 992 710; x_wconf 85' lang='lat' dir='ltr'><em>adpropinquabant,</em></span> <span class='ocrx_word' id='word_1_71' title='bbox 1003 647 1119 713; x_wconf 83' lang='lat' dir='ltr'><em>manibus</em></span> <span class='ocrx_word' id='word_1_72' title='bbox 1205 646 1208 651; x_wconf 79' lang='grc'><strong>’</strong></span> 
     </span>
     <span class='ocr_line' id='line_1_8' title="bbox 61 710 1118 776; baseline 0 -16"><span class='ocrx_word' id='word_1_73' title='bbox 61 710 165 776; x_wconf 85' lang='lat' dir='ltr'><em>serrum</em></span> <span class='ocrx_word' id='word_1_74' title='bbox 181 727 233 759; x_wconf 88' lang='lat' dir='ltr'><em>non</em></span> <span class='ocrx_word' id='word_1_75' title='bbox 249 727 327 759; x_wconf 89' lang='lat' dir='ltr'><em>ausus</em></span> <span class='ocrx_word' id='word_1_76' title='bbox 343 713 497 768; x_wconf 82' lang='lat' dir='ltr'><em>committere,</em></span> <span class='ocrx_word' id='word_1_77' title='bbox 513 711 623 759; x_wconf 84' lang='lat' dir='ltr'><em>instituit</em></span> <span class='ocrx_word' id='word_1_78' title='bbox 639 718 669 759; x_wconf 94' lang='lat' dir='ltr'><em>ut</em></span> <span class='ocrx_word' id='word_1_79' title='bbox 681 711 840 759; x_wconf 85' lang='lat' dir='ltr'><em>candentium</em></span> <span class='ocrx_word' id='word_1_80' title='bbox 853 711 1011 774; x_wconf 69' lang='lat' dir='ltr'><em>iuglandium</em></span> <span class='ocrx_word' id='word_1_81' title='bbox 1025 727 1118 760; x_wconf 89' lang='lat' dir='ltr'><em>nucum</em></span> 
     </span>
     <span class='ocr_line' id='line_1_9' title="bbox 62 775 1118 840; baseline 0 -16"><span class='ocrx_word' id='word_1_82' title='bbox 62 775 241 840; x_wconf 80' lang='lat' dir='ltr'><em>putaminibus</em></span> <span class='ocrx_word' id='word_1_83' title='bbox 257 776 358 824; x_wconf 85' lang='lat' dir='ltr'><em>barbam</em></span> <span class='ocrx_word' id='word_1_84' title='bbox 374 776 424 824; x_wconf 87' lang='lat' dir='ltr'><em>sibi</em></span> <span class='ocrx_word' id='word_1_85' title='bbox 438 783 462 824; x_wconf 89' lang='lat' dir='ltr'><em>et</em></span> <span class='ocrx_word' id='word_1_86' title='bbox 476 776 595 838; x_wconf 81' lang='lat' dir='ltr'><em>capillum</em></span> <span class='ocrx_word' id='word_1_87' title='bbox 612 775 753 824; x_wconf 84' lang='lat' dir='ltr'><em>adurerent.</em></span> <span class='ocrx_word' id='word_1_88' title='bbox 787 791 828 823; x_wconf 87' lang='lat' dir='ltr'><em>nec</em></span> <span class='ocrx_word' id='word_1_89' title='bbox 843 776 985 824; x_wconf 83' lang='lat' dir='ltr'><em>securiorem</em></span> <span class='ocrx_word' id='word_1_90' title='bbox 997 776 1118 825; x_wconf 87' lang='lat' dir='ltr'><em>maritum</em></span> 
     </span>
     <span class='ocr_line' id='line_1_10' title="bbox 66 840 1118 904; baseline -0.001 -14"><span class='ocrx_word' id='word_1_91' title='bbox 66 840 115 903; x_wconf 78' lang='lat' dir='ltr'><em>egit</em></span> <span class='ocrx_word' id='word_1_92' title='bbox 136 856 214 904; x_wconf 89' lang='lat' dir='ltr'><em>quom</em></span> <span class='ocrx_word' id='word_1_93' title='bbox 234 847 339 903; x_wconf 89' lang='lat' dir='ltr'><em>patrem.</em></span> <span class='ocrx_word' id='word_1_94' title='bbox 372 841 482 889; x_wconf 82' lang='lat' dir='ltr'><em>duarrcm</em></span> <span class='ocrx_word' id='word_1_95' title='bbox 500 841 566 888; x_wconf 89' lang='lat' dir='ltr'><em>enim</em></span> <span class='ocrx_word' id='word_1_96' title='bbox 586 840 663 888; x_wconf 89' lang='lat' dir='ltr'><em>eodem</em></span> <span class='ocrx_word' id='word_1_97' title='bbox 681 840 985 902; x_wconf 86' lang='lat' dir='ltr'><em>tempore...matrimoniis</em></span> <span class='ocrx_word' id='word_1_98' title='bbox 1006 841 1118 904; x_wconf 82' lang='lat' dir='ltr'><em>illigatus</em></span> 
     </span>
     <span class='ocr_line' id='line_1_11' title="bbox 66 904 1117 968; baseline 0.002 -16"><span class='ocrx_word' id='word_1_99' title='bbox 66 905 182 953; x_wconf 79' lang='lat' dir='ltr'><em>nnetrius</em></span> <span class='ocrx_word' id='word_1_100' title='bbox 193 920 313 968; x_wconf 76' lang='lat' dir='ltr'><em>nmquam</em></span> <span class='ocrx_word' id='word_1_101' title='bbox 328 904 382 953; x_wconf 89' lang='lat' dir='ltr'><em>nisi</em></span> <span class='ocrx_word' id='word_1_102' title='bbox 397 920 509 953; x_wconf 85' lang='lat' dir='ltr'><em>excussae</em></span> <span class='ocrx_word' id='word_1_103' title='bbox 524 905 675 967; x_wconf 86' lang='lat' dir='ltr'><em>complexum</em></span> <span class='ocrx_word' id='word_1_104' title='bbox 687 906 756 967; x_wconf 88' lang='lat' dir='ltr'><em>petil,</em></span> <span class='ocrx_word' id='word_1_105' title='bbox 774 913 848 968; x_wconf 86' lang='lat' dir='ltr'><em>atque</em></span> <span class='ocrx_word' id='word_1_106' title='bbox 863 905 935 953; x_wconf 69' lang='lat' dir='ltr'><em>edam</em></span> <span class='ocrx_word' id='word_1_107' title='bbox 952 905 1117 955; x_wconf 84' lang='lat' dir='ltr'><em>cubicularem</em></span> 
     </span>
     <span class='ocr_line' id='line_1_12' title="bbox 66 968 1117 1033; baseline 0.002 -16"><span class='ocrx_word' id='word_1_108' title='bbox 66 968 155 1017; x_wconf 87' lang='lat' dir='ltr'><em>lectum</em></span> <span class='ocrx_word' id='word_1_109' title='bbox 161 970 266 1033; x_wconf 84' lang='lat' dir='ltr'><em>perinde</em></span> <span class='ocrx_word' id='word_1_110' title='bbox 275 970 349 1033; x_wconf 89' lang='lat' dir='ltr'><em>qnasi</em></span> <span class='ocrx_word' id='word_1_111' title='bbox 363 977 443 1018; x_wconf 89' lang='lat' dir='ltr'><em>castra</em></span> <span class='ocrx_word' id='word_1_112' title='bbox 459 970 511 1018; x_wconf 85' lang='lat' dir='ltr'><em>lala</em></span> <span class='ocrx_word' id='word_1_113' title='bbox 521 969 590 1032; x_wconf 78' lang='lat' dir='ltr'><em>jbssa</em></span> <span class='ocrx_word' id='word_1_114' title='bbox 605 969 692 1026; x_wconf 86' lang='lat' dir='ltr'><em>cinxit,</em></span> <span class='ocrx_word' id='word_1_115' title='bbox 709 970 737 1017; x_wconf 91' lang='lat' dir='ltr'><em>in</em></span> <span class='ocrx_word' id='word_1_116' title='bbox 752 985 823 1032; x_wconf 87' lang='lat' dir='ltr'><em>quem</em></span> <span class='ocrx_word' id='word_1_117' title='bbox 840 986 865 1018; x_wconf 88' lang='lat' dir='ltr'><em>sc</em></span> <span class='ocrx_word' id='word_1_118' title='bbox 880 969 959 1032; x_wconf 74' lang='lat' dir='ltr'><em>ligneo</em></span> <span class='ocrx_word' id='word_1_119' title='bbox 966 976 1043 1033; x_wconf 87' lang='lat' dir='ltr'><em>ponte</em></span> <span class='ocrx_word' id='word_1_120' title='bbox 1059 971 1117 1019; x_wconf 88' lang='lat' dir='ltr'><em>reci·</em></span> 
     </span>
     <span class='ocr_line' id='line_1_13' title="bbox 63 1033 1117 1098; baseline 0.002 -16"><span class='ocrx_word' id='word_1_121' title='bbox 63 1034 154 1098; x_wconf 80' lang='lat' dir='ltr'><em>pichot,</em></span> <span class='ocrx_word' id='word_1_122' title='bbox 179 1049 237 1082; x_wconf 87' lang='lat' dir='ltr'><em>cum</em></span> <span class='ocrx_word' id='word_1_123' title='bbox 248 1034 334 1097; x_wconf 86' lang='lat' dir='ltr'><em>forem</em></span> <span class='ocrx_word' id='word_1_124' title='bbox 355 1034 462 1082; x_wconf 87' lang='lat' dir='ltr'><em>cubiculi</em></span> <span class='ocrx_word' id='word_1_125' title='bbox 481 1033 629 1082; x_wconf 84' lang='lat' dir='ltr'><em>extrinsecus</em></span> <span class='ocrx_word' id='word_1_126' title='bbox 646 1049 663 1081; x_wconf 91' lang='lat' dir='ltr'><em>a</em></span> <span class='ocrx_word' id='word_1_127' title='bbox 681 1034 818 1082; x_wconf 78' lang='lat' dir='ltr'><em>crestodibus</em></span> <span class='ocrx_word' id='word_1_128' title='bbox 838 1041 952 1096; x_wconf 88' lang='lat' dir='ltr'><em>opertam,</em></span> <span class='ocrx_word' id='word_1_129' title='bbox 975 1034 1117 1084; x_wconf 87' lang='lat' dir='ltr'><em>interiorem</em></span> 
     </span>
     <span class='ocr_line' id='line_1_14' title="bbox 65 1098 1118 1163; baseline 0.002 -17"><span class='ocrx_word' id='word_1_130' title='bbox 65 1099 174 1147; x_wconf 89' lang='lat' dir='ltr'><em>claustro</em></span> <span class='ocrx_word' id='word_1_131' title='bbox 186 1098 236 1162; x_wconf 78' lang='lat' dir='ltr'><em>ipse</em></span> <span class='ocrx_word' id='word_1_132' title='bbox 251 1099 383 1161; x_wconf 80' lang='lat' dir='ltr'><em>diligenter</em></span> <span class='ocrx_word' id='word_1_133' title='bbox 397 1099 530 1147; x_wconf 89' lang='lat' dir='ltr'><em>obserasset.</em></span> <span class='ocrx_word' id='word_1_134' title='bbox 564 1099 675 1148; x_wconf 79' lang='lat' dir='ltr'><em>Observa</em></span> <span class='ocrx_word' id='word_1_135' title='bbox 690 1098 744 1147; x_wconf 88' lang='lat' dir='ltr'><em>that</em></span> <span class='ocrx_word' id='word_1_136' title='bbox 759 1098 786 1147; x_wconf 91' lang='lat' dir='ltr'><em>in</em></span> <span class='ocrx_word' id='word_1_137' title='bbox 803 1098 846 1148; x_wconf 89' lang='lat' dir='ltr'><em>the</em></span> <span class='ocrx_word' id='word_1_138' title='bbox 857 1099 958 1163; x_wconf 86' lang='lat' dir='ltr'><em>phrases</em></span> <span class='ocrx_word' id='word_1_139' title='bbox 970 1098 1034 1162; x_wconf 88' lang='lat' dir='ltr'><em>quid</em></span> <span class='ocrx_word' id='word_1_140' title='bbox 1040 1114 1118 1148; x_wconf 80' lang='lat' dir='ltr'><em>censes</em></span> 
     </span>
     <span class='ocr_line' id='line_1_15' title="bbox 67 1163 1116 1226; baseline 0.003 -16"><span class='ocrx_word' id='word_1_141' title='bbox 67 1163 209 1223; x_wconf 81' lang='lat' dir='ltr'><em>(censemus,</em></span> <span class='ocrx_word' id='word_1_142' title='bbox 221 1164 338 1222; x_wconf 75' lang='lat' dir='ltr'><em>censetis),</em></span> <span class='ocrx_word' id='word_1_143' title='bbox 356 1163 420 1226; x_wconf 88' lang='lat' dir='ltr'><em>quid</em></span> <span class='ocrx_word' id='word_1_144' title='bbox 432 1164 593 1220; x_wconf 81' lang='lat' dir='ltr'><em>arbitramur,</em></span> <span class='ocrx_word' id='word_1_145' title='bbox 612 1163 684 1211; x_wconf 87' lang='lat' dir='ltr'><em>when</em></span> <span class='ocrx_word' id='word_1_146' title='bbox 701 1163 805 1211; x_wconf 86' lang='lat' dir='ltr'><em>another</em></span> <span class='ocrx_word' id='word_1_147' title='bbox 822 1164 904 1212; x_wconf 89' lang='lat' dir='ltr'><em>clause</em></span> <span class='ocrx_word' id='word_1_148' title='bbox 919 1164 1029 1226; x_wconf 88' lang='lat' dir='ltr'><em>depends</em></span> <span class='ocrx_word' id='word_1_149' title='bbox 1044 1178 1077 1213; x_wconf 89' lang='lat' dir='ltr'><em>on</em></span> <span class='ocrx_word' id='word_1_150' title='bbox 1089 1165 1116 1220; x_wconf 85' lang='lat' dir='ltr'><em>it,</em></span> 
     </span>
     <span class='ocr_line' id='line_1_16' title="bbox 65 1227 1117 1294; baseline 0.001 -19"><span class='ocrx_word' id='word_1_151' title='bbox 65 1227 131 1292; x_wconf 82' lang='lat' dir='ltr'><em>quid</em></span> <span class='ocrx_word' id='word_1_152' title='bbox 139 1228 208 1276; x_wconf 83' lang='lat' dir='ltr'><em>osten</em></span> <span class='ocrx_word' id='word_1_153' title='bbox 219 1243 301 1277; x_wconf 88' lang='lat' dir='ltr'><em>serves</em></span> <span class='ocrx_word' id='word_1_154' title='bbox 314 1229 405 1289; x_wconf 79' lang='lat' dir='ltr'><em>merely</em></span> <span class='ocrx_word' id='word_1_155' title='bbox 419 1234 446 1276; x_wconf 92' lang='lat' dir='ltr'><em>to</em></span> <span class='ocrx_word' id='word_1_156' title='bbox 461 1228 590 1277; x_wconf 86' lang='lat' dir='ltr'><em>introduce</em></span> <span class='ocrx_word' id='word_1_157' title='bbox 604 1227 647 1276; x_wconf 91' lang='lat' dir='ltr'><em>the</em></span> <span class='ocrx_word' id='word_1_158' title='bbox 659 1227 853 1290; x_wconf 83' lang='lat' dir='ltr'><em>interrogation;</em></span> <span class='ocrx_word' id='word_1_159' title='bbox 866 1243 905 1291; x_wconf 89' lang='lat' dir='ltr'><em>cp.</em></span> <span class='ocrx_word' id='word_1_160' title='bbox 918 1228 949 1277; x_wconf 93' lang='lat' dir='ltr'><em>de</em></span> <span class='ocrx_word' id='word_1_161' title='bbox 960 1235 1022 1277; x_wconf 91' lang='lat' dir='ltr'><em>orat.</em></span> <span class='ocrx_word' id='word_1_162' title='bbox 1038 1229 1073 1287; x_wconf 86' lang='lat'><em>15</em></span> <span class='ocrx_word' id='word_1_163' title='bbox 1086 1240 1117 1294; x_wconf 81' lang='lat'><em>79</em></span> 
     </span>
     <span class='ocr_line' id='line_1_17' title="bbox 66 1292 1113 1356; baseline 0 -16"><span class='ocrx_word' id='word_1_164' title='bbox 66 1293 144 1356; x_wconf 88' lang='lat' dir='ltr'><em>quid</em></span> <span class='ocrx_word' id='word_1_165' title='bbox 157 1308 262 1348; x_wconf 88' lang='lat' dir='ltr'><em>censes,</em></span> <span class='ocrx_word' id='word_1_166' title='bbox 279 1292 303 1340; x_wconf 91' lang='lat' dir='ltr'><em>si</em></span> <span class='ocrx_word' id='word_1_167' title='bbox 316 1292 352 1340; x_wconf 88' lang='lat' dir='ltr'><em>ad</em></span> <span class='ocrx_word' id='word_1_168' title='bbox 363 1293 468 1340; x_wconf 75' lang='lat' dir='ltr'><em>alieru&#39;ns</em></span> <span class='ocrx_word' id='word_1_169' title='bbox 486 1293 615 1354; x_wconf 79' lang='lat' dir='ltr'><em>ingenium</em></span> <span class='ocrx_word' id='word_1_170' title='bbox 632 1293 673 1340; x_wconf 86' lang='lat' dir='ltr'><em>vel</em></span> <span class='ocrx_word' id='word_1_171' title='bbox 681 1300 734 1355; x_wconf 89' lang='lat' dir='ltr'><em>par</em></span> <span class='ocrx_word' id='word_1_172' title='bbox 748 1293 789 1340; x_wconf 84' lang='lat' dir='ltr'><em>uel</em></span> <span class='ocrx_word' id='word_1_173' title='bbox 801 1293 883 1340; x_wconf 87' lang='lat' dir='ltr'><em>maius</em></span> <span class='ocrx_word' id='word_1_174' title='bbox 898 1293 944 1340; x_wconf 88' lang='lat' dir='ltr'><em>illa</em></span> <span class='ocrx_word' id='word_1_175' title='bbox 959 1299 1113 1352; x_wconf 88' lang='lat' dir='ltr'><em>accesserunt,</em></span> 
     </span>
     <span class='ocr_line' id='line_1_18' title="bbox 66 1356 1117 1423; baseline 0.001 -19"><span class='ocrx_word' id='word_1_176' title='bbox 66 1357 185 1420; x_wconf 85' lang='lat' dir='ltr'><em>qualem</em></span> <span class='ocrx_word' id='word_1_177' title='bbox 199 1357 423 1405; x_wconf 87' lang='lat' dir='ltr'><em>illum-oratorem</em></span> <span class='ocrx_word' id='word_1_178' title='bbox 430 1358 552 1419; x_wconf 84' lang='lat' dir='ltr'><em>saturum</em></span> <span class='ocrx_word' id='word_1_179' title='bbox 561 1357 574 1406; x_wconf 83' lang='lat' dir='ltr'><em>l</em></span> <span class='ocrx_word' id='word_1_180' title='bbox 584 1373 629 1420; x_wconf 91' lang='lat' dir='ltr'><em>pro</em></span> <span class='ocrx_word' id='word_1_181' title='bbox 642 1357 716 1405; x_wconf 92' lang='lat' dir='ltr'><em>Rosc.</em></span> <span class='ocrx_word' id='word_1_182' title='bbox 730 1357 789 1404; x_wconf 85' lang='lat' dir='ltr'><em>Am.</em></span> <span class='ocrx_word' id='word_1_183' title='bbox 802 1358 856 1423; x_wconf 84' lang='lat'><em>549</em></span> <span class='ocrx_word' id='word_1_184' title='bbox 867 1356 931 1420; x_wconf 85' lang='lat' dir='ltr'><em>quid</em></span> <span class='ocrx_word' id='word_1_185' title='bbox 944 1373 1037 1405; x_wconf 89' lang='lat' dir='ltr'><em>censes</em></span> <span class='ocrx_word' id='word_1_186' title='bbox 1049 1358 1117 1405; x_wconf 84' lang='lat' dir='ltr'><em>breue</em></span> 
     </span>
     <span class='ocr_line' id='line_1_19' title="bbox 67 1421 1117 1485; baseline 0.001 -16"><span class='ocrx_word' id='word_1_187' title='bbox 67 1421 150 1485; x_wconf 86' lang='lat' dir='ltr'><em>ipsum</em></span> <span class='ocrx_word' id='word_1_188' title='bbox 157 1422 184 1470; x_wconf 88' lang='lat' dir='ltr'><em>S.</em></span> <span class='ocrx_word' id='word_1_189' title='bbox 198 1421 319 1480; x_wconf 87' lang='lat' dir='ltr'><em>Roscium,</em></span> <span class='ocrx_word' id='word_1_190' title='bbox 333 1438 380 1485; x_wconf 88' lang='lat' dir='ltr'><em>quo</em></span> <span class='ocrx_word' id='word_1_191' title='bbox 390 1422 470 1470; x_wconf 86' lang='lat' dir='ltr'><em>studio</em></span> <span class='ocrx_word' id='word_1_192' title='bbox 480 1437 528 1470; x_wconf 88' lang='lat' dir='ltr'><em>esse</em></span> <span class='ocrx_word' id='word_1_193' title='bbox 538 1422 566 1469; x_wconf 91' lang='lat' dir='ltr'><em>in</em></span> <span class='ocrx_word' id='word_1_194' title='bbox 578 1422 677 1469; x_wconf 88' lang='lat' dir='ltr'><em>rusticis</em></span> <span class='ocrx_word' id='word_1_195' title='bbox 688 1422 840 1470; x_wconf 77' lang='lat' dir='ltr'><em>rebusl—de</em></span> <span class='ocrx_word' id='word_1_196' title='bbox 852 1422 899 1484; x_wconf 87' lang='lat' dir='ltr'><em>leg.</em></span> <span class='ocrx_word' id='word_1_197' title='bbox 912 1437 963 1485; x_wconf 85' lang='lat' dir='ltr'><em>agr.</em></span> <span class='ocrx_word' id='word_1_198' title='bbox 976 1433 997 1470; x_wconf 86' lang='lat'><em>11</em></span> <span class='ocrx_word' id='word_1_199' title='bbox 1009 1424 1021 1480; x_wconf 91' lang='lat'>5</span> <span class='ocrx_word' id='word_1_200' title='bbox 1033 1437 1072 1484; x_wconf 86' lang='lat'><em>45,</em></span> <span class='ocrx_word' id='word_1_201' title='bbox 1084 1423 1117 1471; x_wconf 89' lang='lat' dir='ltr'><em>de</em></span> 
     </span>
     <span class='ocr_line' id='line_1_20' title="bbox 66 1484 1116 1550; baseline 0.001 -16"><span class='ocrx_word' id='word_1_202' title='bbox 66 1494 119 1536; x_wconf 89' lang='lat' dir='ltr'><em>nat.</em></span> <span class='ocrx_word' id='word_1_203' title='bbox 132 1487 201 1534; x_wconf 85' lang='lat' dir='ltr'><em>deor.</em></span> <span class='ocrx_word' id='word_1_204' title='bbox 215 1498 224 1533; x_wconf 92' lang='lat'>1</span> <span class='ocrx_word' id='word_1_205' title='bbox 237 1488 250 1545; x_wconf 98' lang='lat'>5</span> <span class='ocrx_word' id='word_1_206' title='bbox 261 1487 301 1544; x_wconf 77' lang='lat'><em>82,</em></span> <span class='ocrx_word' id='word_1_207' title='bbox 315 1487 405 1550; x_wconf 90' lang='lat' dir='ltr'><em>Zumpt</em></span> <span class='ocrx_word' id='word_1_208' title='bbox 417 1487 462 1535; x_wconf 91' lang='lat' dir='ltr'><em>Gr.</em></span> <span class='ocrx_word' id='word_1_209' title='bbox 473 1487 487 1545; x_wconf 87' lang='lat'>5</span> <span class='ocrx_word' id='word_1_210' title='bbox 500 1484 555 1549; x_wconf 85' lang='lat'><em>769.</em></span> <span class='ocrx_word' id='word_1_211' title='bbox 582 1486 628 1549; x_wconf 93' lang='lat' dir='ltr'><em>Cp.</em></span> <span class='ocrx_word' id='word_1_212' title='bbox 641 1486 673 1534; x_wconf 90' lang='lat' dir='ltr'><em>de</em></span> <span class='ocrx_word' id='word_1_213' title='bbox 684 1487 734 1534; x_wconf 85' lang='lat' dir='ltr'><em>div.</em></span> <span class='ocrx_word' id='word_1_214' title='bbox 748 1486 975 1549; x_wconf 82' lang='lat' dir='ltr'><em>115r3quiduero</em></span> <span class='ocrx_word' id='word_1_215' title='bbox 989 1487 1116 1536; x_wconf 85' lang='lat' dir='ltr'><em>Caesarem</em></span> 
     </span>
     <span class='ocr_line' id='line_1_21' title="bbox 61 1550 1035 1615; baseline 0.001 -16"><span class='ocrx_word' id='word_1_216' title='bbox 61 1550 227 1615; x_wconf 81' lang='lat' dir='ltr'><em>putamus?</em></span> <span class='ocrx_word' id='word_1_217' title='bbox 243 1566 272 1599; x_wconf 90' lang='lat' dir='ltr'><em>or</em></span> <span class='ocrx_word' id='word_1_218' title='bbox 283 1566 329 1614; x_wconf 92' lang='lat' dir='ltr'><em>pro</em></span> <span class='ocrx_word' id='word_1_219' title='bbox 344 1551 437 1601; x_wconf 88' lang='lat' dir='ltr'><em>Scauro</em></span> <span class='ocrx_word' id='word_1_220' title='bbox 448 1552 461 1610; x_wconf 89' lang='lat'>5</span> <span class='ocrx_word' id='word_1_221' title='bbox 473 1565 503 1612; x_wconf 80' lang='lat'><em>43</em></span> <span class='ocrx_word' id='word_1_222' title='bbox 515 1562 591 1615; x_wconf 84' lang='lat' dir='ltr'><em>quam</em></span> <span class='ocrx_word' id='word_1_223' title='bbox 604 1550 674 1599; x_wconf 86' lang='lat' dir='ltr'><em>ualde</em></span> <span class='ocrx_word' id='word_1_224' title='bbox 684 1567 737 1598; x_wconf 89' lang='lat' dir='ltr'><em>eam</em></span> <span class='ocrx_word' id='word_1_225' title='bbox 744 1558 820 1614; x_wconf 92' lang='lat' dir='ltr'><em>puta</em></span> <span class='ocrx_word' id='word_1_226' title='bbox 828 1567 891 1599; x_wconf 82' lang='lat' dir='ltr'><em>nius</em></span> <span class='ocrx_word' id='word_1_227' title='bbox 900 1551 1035 1600; x_wconf 80' lang='lat' dir='ltr'><em>coacuisrel</em></span> 
     </span>
    </p>
   </div>
   <div class='ocr_carea' id='block_1_3' title="bbox 64 1628 1168 2081">
    <p class='ocr_par' dir='ltr' id='par_1_3' title="bbox 64 1628 1168 2081">
     <span class='ocr_line' id='line_1_22' title="bbox 113 1628 1116 1693; baseline 0.001 -14"><span class='ocrx_word' id='word_1_228' title='bbox 113 1632 186 1679; x_wconf 74' lang='grc'>111.</span> <span class='ocrx_word' id='word_1_229' title='bbox 219 1629 406 1690; x_wconf 78' lang='lat' dir='ltr'><em>Alexandrum]</em></span> <span class='ocrx_word' id='word_1_230' title='bbox 439 1629 612 1679; x_wconf 82' lang='lat' dir='ltr'><em>Alexander</em></span> <span class='ocrx_word' id='word_1_231' title='bbox 627 1636 709 1693; x_wconf 87' lang='lat' dir='ltr'><em>tyrant</em></span> <span class='ocrx_word' id='word_1_232' title='bbox 726 1628 754 1678; x_wconf 81' lang='lat' dir='ltr'><em>os</em></span> <span class='ocrx_word' id='word_1_233' title='bbox 768 1630 863 1691; x_wconf 71' lang='lat' dir='ltr'><em>Rherae</em></span> <span class='ocrx_word' id='word_1_234' title='bbox 878 1630 904 1678; x_wconf 91' lang='lat' dir='ltr'><em>in</em></span> <span class='ocrx_word' id='word_1_235' title='bbox 915 1629 1043 1691; x_wconf 84' lang='lat' dir='ltr'><em>Thessaly,</em></span> <span class='ocrx_word' id='word_1_236' title='bbox 1058 1630 1116 1680; x_wconf 89' lang='lat' dir='ltr'><em>who</em></span> 
     </span>
     <span class='ocr_line' id='line_1_23' title="bbox 65 1691 1168 1759; baseline 0.005 -16"><span class='ocrx_word' id='word_1_237' title='bbox 65 1694 175 1744; x_wconf 88' lang='lat' dir='ltr'><em>married</em></span> <span class='ocrx_word' id='word_1_238' title='bbox 189 1693 277 1742; x_wconf 89' lang='lat' dir='ltr'><em>Thebc</em></span> <span class='ocrx_word' id='word_1_239' title='bbox 288 1694 409 1758; x_wconf 86' lang='lat' dir='ltr'><em>daughter</em></span> <span class='ocrx_word' id='word_1_240' title='bbox 422 1693 451 1743; x_wconf 84' lang='lat' dir='ltr'><em>of</em></span> <span class='ocrx_word' id='word_1_241' title='bbox 462 1693 501 1743; x_wconf 92' lang='lat' dir='ltr'><em>his</em></span> <span class='ocrx_word' id='word_1_242' title='bbox 516 1694 584 1744; x_wconf 90' lang='lat' dir='ltr'><em>elder</em></span> <span class='ocrx_word' id='word_1_243' title='bbox 597 1695 723 1758; x_wconf 73' lang='lat' dir='ltr'><em>erlhstJ</em></span> <span class='ocrx_word' id='word_1_244' title='bbox 725 1711 785 1754; x_wconf 78' lang='lat' dir='ltr'><em>ason</em></span> <span class='ocrx_word' id='word_1_245' title='bbox 800 1692 844 1758; x_wconf 89' lang='lat'><em>(15</em></span> <span class='ocrx_word' id='word_1_246' title='bbox 859 1692 912 1759; x_wconf 87' lang='lat'>108)</span> <span class='ocrx_word' id='word_1_247' title='bbox 925 1691 1007 1743; x_wconf 89' lang='lat' dir='ltr'><em>whom</em></span> <span class='ocrx_word' id='word_1_248' title='bbox 1019 1695 1051 1744; x_wconf 94' lang='lat' dir='ltr'><em>he</em></span> <span class='ocrx_word' id='word_1_249' title='bbox 1062 1711 1115 1745; x_wconf 88' lang='lat' dir='ltr'><em>suc·</em></span> <span class='ocrx_word' id='word_1_250' title='bbox 1135 1695 1168 1748; x_wconf 58' lang='grc' dir='ltr'><strong>Ἄ</strong></span> 
     </span>
     <span class='ocr_line' id='line_1_24' title="bbox 65 1753 1115 1823; baseline 0.001 -15"><span class='ocrx_word' id='word_1_251' title='bbox 65 1760 169 1809; x_wconf 90' lang='lat' dir='ltr'><em>ceeded.</em></span> <span class='ocrx_word' id='word_1_252' title='bbox 204 1753 312 1807; x_wconf 62' lang='lat' dir='ltr'><em>HFwas</em></span> <span class='ocrx_word' id='word_1_253' title='bbox 329 1759 460 1808; x_wconf 90' lang='lat' dir='ltr'><em>murdered</em></span> <span class='ocrx_word' id='word_1_254' title='bbox 479 1759 513 1823; x_wconf 94' lang='lat' dir='ltr'><em>by</em></span> <span class='ocrx_word' id='word_1_255' title='bbox 531 1759 570 1808; x_wconf 90' lang='lat' dir='ltr'><em>his</em></span> <span class='ocrx_word' id='word_1_256' title='bbox 590 1759 646 1807; x_wconf 86' lang='lat' dir='ltr'><em>wife</em></span> <span class='ocrx_word' id='word_1_257' title='bbox 661 1759 721 1808; x_wconf 88' lang='lat' dir='ltr'><em>with</em></span> <span class='ocrx_word' id='word_1_258' title='bbox 735 1759 778 1808; x_wconf 88' lang='lat' dir='ltr'><em>the</em></span> <span class='ocrx_word' id='word_1_259' title='bbox 793 1760 925 1808; x_wconf 84' lang='lat' dir='ltr'><em>assistance</em></span> <span class='ocrx_word' id='word_1_260' title='bbox 942 1759 972 1808; x_wconf 89' lang='lat' dir='ltr'><em>of</em></span> <span class='ocrx_word' id='word_1_261' title='bbox 985 1760 1029 1808; x_wconf 91' lang='lat' dir='ltr'><em>her</em></span> <span class='ocrx_word' id='word_1_262' title='bbox 1046 1760 1115 1809; x_wconf 88' lang='lat' dir='ltr'><em>three</em></span> 
     </span>
     <span class='ocr_line' id='line_1_25' title="bbox 64 1823 1119 1888; baseline 0 -15"><span class='ocrx_word' id='word_1_263' title='bbox 64 1824 189 1873; x_wconf 87' lang='lat' dir='ltr'><em>brothers.</em></span> <span class='ocrx_word' id='word_1_264' title='bbox 224 1824 279 1872; x_wconf 91' lang='lat' dir='ltr'><em>The</em></span> <span class='ocrx_word' id='word_1_265' title='bbox 293 1824 387 1873; x_wconf 90' lang='lat' dir='ltr'><em>motive</em></span> <span class='ocrx_word' id='word_1_266' title='bbox 399 1824 514 1888; x_wconf 85' lang='lat' dir='ltr'><em>assigned</em></span> <span class='ocrx_word' id='word_1_267' title='bbox 527 1823 561 1886; x_wconf 94' lang='lat' dir='ltr'><em>by</em></span> <span class='ocrx_word' id='word_1_268' title='bbox 576 1824 693 1873; x_wconf 88' lang='lat' dir='ltr'><em>Plutarch</em></span> <span class='ocrx_word' id='word_1_269' title='bbox 707 1840 757 1873; x_wconf 89' lang='lat' dir='ltr'><em>was</em></span> <span class='ocrx_word' id='word_1_270' title='bbox 772 1831 816 1874; x_wconf 92' lang='lat' dir='ltr'><em>not</em></span> <span class='ocrx_word' id='word_1_271' title='bbox 830 1824 949 1887; x_wconf 86' lang='lat' dir='ltr'><em>jealousy,</em></span> <span class='ocrx_word' id='word_1_272' title='bbox 965 1824 1010 1874; x_wconf 91' lang='lat' dir='ltr'><em>but</em></span> <span class='ocrx_word' id='word_1_273' title='bbox 1025 1824 1076 1874; x_wconf 85' lang='lat' dir='ltr'><em>sear</em></span> <span class='ocrx_word' id='word_1_274' title='bbox 1090 1824 1119 1873; x_wconf 89' lang='lat' dir='ltr'><em>of</em></span> 
     </span>
     <span class='ocr_line' id='line_1_26' title="bbox 64 1888 1114 1970; baseline -0.001 -33"><span class='ocrx_word' id='word_1_275' title='bbox 64 1889 110 1938; x_wconf 89' lang='lat' dir='ltr'><em>her</em></span> <span class='ocrx_word' id='word_1_276' title='bbox 122 1888 238 1938; x_wconf 90' lang='lat' dir='ltr'><em>husband</em></span> <span class='ocrx_word' id='word_1_277' title='bbox 249 1889 298 1936; x_wconf 91' lang='lat' dir='ltr'><em>and</em></span> <span class='ocrx_word' id='word_1_278' title='bbox 311 1888 399 1937; x_wconf 92' lang='lat' dir='ltr'><em>hatred</em></span> <span class='ocrx_word' id='word_1_279' title='bbox 411 1889 440 1936; x_wconf 83' lang='lat' dir='ltr'><em>of</em></span> <span class='ocrx_word' id='word_1_280' title='bbox 445 1889 491 1937; x_wconf 92' lang='lat' dir='ltr'><em>his</em></span> <span class='ocrx_word' id='word_1_281' title='bbox 506 1888 572 1937; x_wconf 86' lang='lat' dir='ltr'><em>cruel</em></span> <span class='ocrx_word' id='word_1_282' title='bbox 589 1889 724 1938; x_wconf 83' lang='lat' dir='ltr'><em>character.</em></span> <span class='ocrx_word' id='word_1_283' title='bbox 767 1888 831 1949; x_wconf 82' lang='lat' dir='ltr'><em>Xen.</em></span> <span class='ocrx_word' id='word_1_284' title='bbox 848 1889 916 1938; x_wconf 91' lang='lat' dir='ltr'><em>Hell.</em></span> <span class='ocrx_word' id='word_1_285' title='bbox 931 1900 997 1950; x_wconf 86' lang='lat' dir='ltr'><em>v14,</em></span> <span class='ocrx_word' id='word_1_286' title='bbox 1013 1904 1041 1970; x_wconf 56' lang='lat'><em>35</em></span> <span class='ocrx_word' id='word_1_287' title='bbox 1055 1891 1114 1937; x_wconf 80' lang='grc' dir='ltr'>ἀπο·</span> 
     </span>
     <span class='ocr_line' id='line_1_27' title="bbox 65 1951 1115 2017; baseline 0.002 -16"><span class='ocrx_word' id='word_1_288' title='bbox 65 1955 162 2012; x_wconf 73' lang='grc' dir='ltr'>θνήσκει</span> <span class='ocrx_word' id='word_1_289' title='bbox 182 1954 320 2014; x_wconf 77' lang='grc' dir='ltr'>αὐτοχειρίᾳ</span> <span class='ocrx_word' id='word_1_290' title='bbox 336 1956 379 2010; x_wconf 69' lang='grc' dir='ltr'><em>μὲν</em></span> <span class='ocrx_word' id='word_1_291' title='bbox 397 1952 443 2002; x_wconf 79' lang='grc' dir='ltr'><em>ὑπὸ</em></span> <span class='ocrx_word' id='word_1_292' title='bbox 460 1955 507 2000; x_wconf 86' lang='grc' dir='ltr'><em>τῶν</em></span> <span class='ocrx_word' id='word_1_293' title='bbox 523 1955 565 2012; x_wconf 81' lang='grc' dir='ltr'><em>τῆς</em></span> <span class='ocrx_word' id='word_1_294' title='bbox 581 1955 692 2014; x_wconf 73' lang='grc' dir='ltr'>γυναικὸς</span> <span class='ocrx_word' id='word_1_295' title='bbox 709 1953 828 2014; x_wconf 73' lang='grc' dir='ltr'>ἀδελφῶν,</span> <span class='ocrx_word' id='word_1_296' title='bbox 847 1951 924 2017; x_wconf 76' lang='grc' dir='ltr'>βουλῇ</span> <span class='ocrx_word' id='word_1_297' title='bbox 945 1954 971 2002; x_wconf 76' lang='grc' dir='ltr'><em>δὲ</em></span> <span class='ocrx_word' id='word_1_298' title='bbox 986 1955 1018 2002; x_wconf 80' lang='grc' dir='ltr'><em>ὑπ</em></span> <span class='ocrx_word' id='word_1_299' title='bbox 1042 1955 1115 2014; x_wconf 77' lang='grc' dir='ltr'>αὐτῆς</span> 
     </span>
     <span class='ocr_line' id='line_1_28' title="bbox 64 2014 619 2081; baseline -0.004 -15"><span class='ocrx_word' id='word_1_300' title='bbox 64 2019 155 2076; x_wconf 76' lang='grc' dir='ltr'>ἐκείνης</span> <span class='ocrx_word' id='word_1_301' title='bbox 167 2014 211 2081; x_wconf 83' lang='lat' dir='ltr'><em>(ab</em></span> <span class='ocrx_word' id='word_1_302' title='bbox 225 2033 256 2066; x_wconf 90' lang='lat' dir='ltr'><em>ea</em></span> <span class='ocrx_word' id='word_1_303' title='bbox 271 2015 355 2081; x_wconf 86' lang='lat' dir='ltr'><em>ipsa),</em></span> <span class='ocrx_word' id='word_1_304' title='bbox 371 2018 446 2067; x_wconf 93' lang='lat' dir='ltr'><em>Diod.</em></span> <span class='ocrx_word' id='word_1_305' title='bbox 462 2018 511 2068; x_wconf 91' lang='lat' dir='ltr'><em>Sic.</em></span> <span class='ocrx_word' id='word_1_306' title='bbox 528 2017 565 2078; x_wconf 87' lang='lat'><em>16,</em></span> <span class='ocrx_word' id='word_1_307' title='bbox 582 2033 619 2080; x_wconf 86' lang='lat'><em>14.</em></span> 
     </span>
    </p>
   </div>
   <div class='ocr_carea' id='block_1_4' title="bbox 112 2108 1113 2174">
    <p class='ocr_par' dir='ltr' id='par_1_4' title="bbox 112 2108 1113 2174">
     <span class='ocr_line' id='line_1_29' title="bbox 112 2108 1113 2174; baseline 0.001 -17"><span class='ocrx_word' id='word_1_308' title='bbox 112 2111 132 2157; x_wconf 94' lang='lat'><em>1.</em></span> <span class='ocrx_word' id='word_1_309' title='bbox 147 2112 186 2157; x_wconf 79' lang='lat' dir='ltr'><em>la.</em></span> <span class='ocrx_word' id='word_1_310' title='bbox 220 2110 252 2156; x_wconf 81' lang='lat' dir='ltr'><em>ut</em></span> <span class='ocrx_word' id='word_1_311' title='bbox 263 2111 391 2165; x_wconf 74' lang='lat' dir='ltr'><em>scalptum</em></span> <span class='ocrx_word' id='word_1_312' title='bbox 401 2108 525 2169; x_wconf 79' lang='lat' dir='ltr'><em>legimus]</em></span> <span class='ocrx_word' id='word_1_313' title='bbox 547 2110 579 2158; x_wconf 89' lang='lat' dir='ltr'><em>de</em></span> <span class='ocrx_word' id='word_1_314' title='bbox 590 2116 641 2159; x_wconf 86' lang='lat' dir='ltr'><em>nat.</em></span> <span class='ocrx_word' id='word_1_315' title='bbox 652 2109 752 2159; x_wconf 91' lang='lat' dir='ltr'><em>deor.11</em></span> <span class='ocrx_word' id='word_1_316' title='bbox 764 2111 777 2169; x_wconf 82' lang='lat'>5</span> <span class='ocrx_word' id='word_1_317' title='bbox 790 2125 836 2171; x_wconf 81' lang='lat'><em>1²4</em></span> <span class='ocrx_word' id='word_1_318' title='bbox 846 2110 896 2174; x_wconf 78' lang='lat' dir='ltr'><em>legi</em></span> <span class='ocrx_word' id='word_1_319' title='bbox 903 2110 1113 2174; x_wconf 75' lang='lat' dir='ltr'><em>etiamscnptum.</em></span> 
     </span>
    </p>
   </div>
   <div class='ocr_carea' id='block_1_5' title="bbox 63 2187 1114 2318">
    <p class='ocr_par' dir='ltr' id='par_1_5' title="bbox 63 2187 1114 2318">
     <span class='ocr_line' id='line_1_30' title="bbox 113 2187 1114 2262; baseline 0 -24"><span class='ocrx_word' id='word_1_320' title='bbox 113 2200 174 2238; x_wconf 84' lang='lat' dir='ltr'><em>cum</em></span> <span class='ocrx_word' id='word_1_321' title='bbox 190 2187 333 2262; x_wconf 56' lang='lat' dir='ltr'><em>diligenti</em></span> <span class='ocrx_word' id='word_1_322' title='bbox 359 2188 492 2252; x_wconf 90' lang='lat' dir='ltr'><em>‘although</em></span> <span class='ocrx_word' id='word_1_323' title='bbox 503 2189 535 2237; x_wconf 90' lang='lat' dir='ltr'><em>he</em></span> <span class='ocrx_word' id='word_1_324' title='bbox 546 2187 638 2238; x_wconf 86' lang='lat' dir='ltr'><em>loved.’</em></span> <span class='ocrx_word' id='word_1_325' title='bbox 679 2189 754 2255; x_wconf 92' lang='lat' dir='ltr'><em>Roby</em></span> <span class='ocrx_word' id='word_1_326' title='bbox 766 2191 810 2239; x_wconf 88' lang='lat' dir='ltr'><em>Gr.</em></span> <span class='ocrx_word' id='word_1_327' title='bbox 823 2201 845 2238; x_wconf 84' lang='lat'><em>11</em></span> <span class='ocrx_word' id='word_1_328' title='bbox 864 2203 932 2254; x_wconf 82' lang='lat'><em>1730,</em></span> <span class='ocrx_word' id='word_1_329' title='bbox 947 2192 976 2240; x_wconf 89' lang='lat' dir='ltr'><em>P.</em></span> <span class='ocrx_word' id='word_1_330' title='bbox 988 2191 1014 2242; x_wconf 92' lang='lat' dir='ltr'><em>S.</em></span> <span class='ocrx_word' id='word_1_331' title='bbox 1030 2191 1073 2241; x_wconf 91' lang='lat' dir='ltr'><em>Gr.</em></span> <span class='ocrx_word' id='word_1_332' title='bbox 1087 2207 1114 2256; x_wconf 90' lang='lat' dir='ltr'><em>p.</em></span> 
     </span>
     <span class='ocr_line' id='line_1_31' title="bbox 63 2251 587 2318; baseline 0.002 -17"><span class='ocrx_word' id='word_1_333' title='bbox 63 2251 121 2318; x_wconf 84' lang='lat'><em>480,</em></span> <span class='ocrx_word' id='word_1_334' title='bbox 135 2269 162 2318; x_wconf 91' lang='lat' dir='ltr'><em>p.</em></span> <span class='ocrx_word' id='word_1_335' title='bbox 176 2253 231 2315; x_wconf 79' lang='lat'><em>482,</em></span> <span class='ocrx_word' id='word_1_336' title='bbox 247 2253 352 2316; x_wconf 76' lang='lat' dir='ltr'><em>Madvig</em></span> <span class='ocrx_word' id='word_1_337' title='bbox 363 2253 408 2301; x_wconf 92' lang='lat' dir='ltr'><em>Gr.</em></span> <span class='ocrx_word' id='word_1_338' title='bbox 421 2255 433 2312; x_wconf 88' lang='lat'>5</span> <span class='ocrx_word' id='word_1_339' title='bbox 446 2255 493 2314; x_wconf 83' lang='lat'><em>358</em></span> <span class='ocrx_word' id='word_1_340' title='bbox 504 2255 550 2302; x_wconf 92' lang='lat' dir='ltr'><em>obs.</em></span> <span class='ocrx_word' id='word_1_341' title='bbox 564 2270 587 2317; x_wconf 79' lang='lat'><em>3.</em></span> 
     </span>
    </p>
   </div>
   <div class='ocr_carea' id='block_1_6' title="bbox 110 2334 737 2400">
    <p class='ocr_par' dir='ltr' id='par_1_6' title="bbox 110 2334 737 2400">
     <span class='ocr_line' id='line_1_32' title="bbox 110 2334 737 2400; baseline 0.005 -18"><span class='ocrx_word' id='word_1_342' title='bbox 110 2338 131 2383; x_wconf 83' lang='lat'><em>1.</em></span> <span class='ocrx_word' id='word_1_343' title='bbox 151 2338 189 2384; x_wconf 83' lang='lat'><em>18.</em></span> <span class='ocrx_word' id='word_1_344' title='bbox 225 2334 343 2395; x_wconf 79' lang='lat' dir='ltr'><em>vemens]</em></span> <span class='ocrx_word' id='word_1_345' title='bbox 361 2346 372 2383; x_wconf 94' lang='lat'>1</span> <span class='ocrx_word' id='word_1_346' title='bbox 385 2337 542 2398; x_wconf 82' lang='lat' dir='ltr'><em>9uent1tans,</em></span> <span class='ocrx_word' id='word_1_347' title='bbox 557 2336 630 2385; x_wconf 83' lang='lat' dir='ltr'><em>Tusc</em></span> <span class='ocrx_word' id='word_1_348' title='bbox 644 2337 686 2397; x_wconf 87' lang='lat' dir='ltr'><em>v5</em></span> <span class='ocrx_word' id='word_1_349' title='bbox 699 2348 737 2400; x_wconf 87' lang='lat'><em>59.</em></span> 
     </span>
    </p>
   </div>
   <div class='ocr_carea' id='block_1_7' title="bbox 61 2425 1113 2955">
    <p class='ocr_par' dir='ltr' id='par_1_7' title="bbox 61 2425 1113 2876">
     <span class='ocr_line' id='line_1_33' title="bbox 112 2425 1113 2486; baseline 0.003 -12"><span class='ocrx_word' id='word_1_350' title='bbox 112 2429 141 2474; x_wconf 79' lang='lat' dir='ltr'><em>et</em></span> <span class='ocrx_word' id='word_1_351' title='bbox 157 2436 218 2472; x_wconf 86' lang='lat' dir='ltr'><em>aum</em></span> <span class='ocrx_word' id='word_1_352' title='bbox 234 2427 339 2479; x_wconf 76' lang='lat' dir='ltr'><em>quidem</em></span> <span class='ocrx_word' id='word_1_353' title='bbox 355 2429 539 2482; x_wconf 79' lang='lat' dir='ltr'><em>compunctum</em></span> <span class='ocrx_word' id='word_1_354' title='bbox 555 2429 627 2474; x_wconf 77' lang='lat' dir='ltr'><em>noris</em></span> <span class='ocrx_word' id='word_1_355' title='bbox 645 2425 772 2486; x_wconf 70' lang='lat' dir='ltr'><em>mactis]</em></span> <span class='ocrx_word' id='word_1_356' title='bbox 792 2425 857 2476; x_wconf 87' lang='lat' dir='ltr'><em>‘and</em></span> <span class='ocrx_word' id='word_1_357' title='bbox 873 2425 926 2475; x_wconf 90' lang='lat' dir='ltr'><em>him</em></span> <span class='ocrx_word' id='word_1_358' title='bbox 942 2432 986 2475; x_wconf 85' lang='lat' dir='ltr'><em>too</em></span> <span class='ocrx_word' id='word_1_359' title='bbox 1001 2427 1113 2477; x_wconf 85' lang='lat' dir='ltr'><em>tattooed</em></span> 
     </span>
     <span class='ocr_line' id='line_1_34' title="bbox 62 2487 1112 2553; baseline -0.001 -14"><span class='ocrx_word' id='word_1_360' title='bbox 62 2489 114 2539; x_wconf 89' lang='lat' dir='ltr'><em>like</em></span> <span class='ocrx_word' id='word_1_361' title='bbox 134 2506 150 2538; x_wconf 89' lang='lat' dir='ltr'><em>a</em></span> <span class='ocrx_word' id='word_1_362' title='bbox 172 2487 336 2537; x_wconf 86' lang='lat' dir='ltr'><em>Thracian’</em></span> <span class='ocrx_word' id='word_1_363' title='bbox 359 2490 465 2550; x_wconf 88' lang='lat' dir='ltr'><em>(Herod.</em></span> <span class='ocrx_word' id='word_1_364' title='bbox 484 2503 503 2538; x_wconf 88' lang='lat' dir='ltr'>v</span> <span class='ocrx_word' id='word_1_365' title='bbox 521 2488 536 2538; x_wconf 93' lang='lat'><strong>6</strong></span> <span class='ocrx_word' id='word_1_366' title='bbox 555 2491 640 2539; x_wconf 80' lang='grc' dir='ltr'>καὶτὸ</span> <span class='ocrx_word' id='word_1_367' title='bbox 661 2493 704 2548; x_wconf 82' lang='grc' dir='ltr'><em>μὲν</em></span> <span class='ocrx_word' id='word_1_368' title='bbox 726 2493 864 2551; x_wconf 76' lang='grc' dir='ltr'>ἔστιχθαι</span> <span class='ocrx_word' id='word_1_369' title='bbox 887 2493 977 2552; x_wconf 74' lang='grc' dir='ltr'>εὐγενὲς</span> <span class='ocrx_word' id='word_1_370' title='bbox 999 2493 1112 2553; x_wconf 82' lang='grc' dir='ltr'>κέκριται,</span> 
     </span>
     <span class='ocr_line' id='line_1_35' title="bbox 61 2551 1112 2618; baseline 0.003 -15"><span class='ocrx_word' id='word_1_371' title='bbox 61 2557 91 2603; x_wconf 82' lang='grc' dir='ltr'><em>τὸ</em></span> <span class='ocrx_word' id='word_1_372' title='bbox 103 2555 130 2603; x_wconf 82' lang='grc' dir='ltr'><em>δὲ</em></span> <span class='ocrx_word' id='word_1_373' title='bbox 140 2551 257 2601; x_wconf 76' lang='grc' dir='ltr'>ἄστικτον</span> <span class='ocrx_word' id='word_1_374' title='bbox 273 2552 373 2616; x_wconf 75' lang='lat' dir='ltr'><em>elysiis).</em></span> <span class='ocrx_word' id='word_1_375' title='bbox 407 2553 469 2603; x_wconf 91' lang='lat' dir='ltr'><em>This</em></span> <span class='ocrx_word' id='word_1_376' title='bbox 486 2554 508 2603; x_wconf 89' lang='lat' dir='ltr'><em>is</em></span> <span class='ocrx_word' id='word_1_377' title='bbox 519 2555 599 2603; x_wconf 87' lang='lat' dir='ltr'><em>stated</em></span> <span class='ocrx_word' id='word_1_378' title='bbox 612 2561 638 2603; x_wconf 87' lang='lat' dir='ltr'><em>to</em></span> <span class='ocrx_word' id='word_1_379' title='bbox 649 2555 705 2618; x_wconf 87' lang='lat' dir='ltr'><em>give</em></span> <span class='ocrx_word' id='word_1_380' title='bbox 719 2555 856 2604; x_wconf 87' lang='lat' dir='ltr'><em>additional</em></span> <span class='ocrx_word' id='word_1_381' title='bbox 867 2557 952 2604; x_wconf 91' lang='lat' dir='ltr'><em>colour</em></span> <span class='ocrx_word' id='word_1_382' title='bbox 968 2564 995 2605; x_wconf 95' lang='lat' dir='ltr'><em>to</em></span> <span class='ocrx_word' id='word_1_383' title='bbox 1007 2557 1048 2605; x_wconf 92' lang='lat' dir='ltr'><em>the</em></span> <span class='ocrx_word' id='word_1_384' title='bbox 1063 2557 1112 2606; x_wconf 87' lang='lat' dir='ltr'><em>fact</em></span> 
     </span>
     <span class='ocr_line' id='line_1_36' title="bbox 61 2617 1112 2682; baseline 0 -13"><span class='ocrx_word' id='word_1_385' title='bbox 61 2619 92 2669; x_wconf 83' lang='lat' dir='ltr'><em>of</em></span> <span class='ocrx_word' id='word_1_386' title='bbox 99 2619 139 2668; x_wconf 91' lang='lat' dir='ltr'><em>his</em></span> <span class='ocrx_word' id='word_1_387' title='bbox 151 2617 258 2682; x_wconf 87' lang='lat' dir='ltr'><em>trusting</em></span> <span class='ocrx_word' id='word_1_388' title='bbox 268 2633 283 2666; x_wconf 89' lang='lat' dir='ltr'><em>a</em></span> <span class='ocrx_word' id='word_1_389' title='bbox 294 2625 330 2667; x_wconf 90' lang='lat' dir='ltr'><em>set</em></span> <span class='ocrx_word' id='word_1_390' title='bbox 342 2617 371 2666; x_wconf 84' lang='lat' dir='ltr'><em>of</em></span> <span class='ocrx_word' id='word_1_391' title='bbox 381 2619 526 2667; x_wconf 89' lang='lat' dir='ltr'><em>barbarians</em></span> <span class='ocrx_word' id='word_1_392' title='bbox 538 2635 607 2668; x_wconf 91' lang='lat' dir='ltr'><em>more</em></span> <span class='ocrx_word' id='word_1_393' title='bbox 618 2619 679 2668; x_wconf 88' lang='lat' dir='ltr'><em>than</em></span> <span class='ocrx_word' id='word_1_394' title='bbox 690 2619 728 2668; x_wconf 91' lang='lat' dir='ltr'><em>his</em></span> <span class='ocrx_word' id='word_1_395' title='bbox 740 2635 796 2668; x_wconf 90' lang='lat' dir='ltr'><em>own</em></span> <span class='ocrx_word' id='word_1_396' title='bbox 812 2620 876 2668; x_wconf 87' lang='lat' dir='ltr'><em>wife.</em></span> <span class='ocrx_word' id='word_1_397' title='bbox 910 2621 965 2669; x_wconf 90' lang='lat' dir='ltr'><em>The</em></span> <span class='ocrx_word' id='word_1_398' title='bbox 977 2621 1112 2669; x_wconf 90' lang='lat' dir='ltr'><em>Thracians</em></span> 
     </span>
     <span class='ocr_line' id='line_1_37' title="bbox 62 2683 1113 2800; baseline 0.001 -2"><span class='ocrx_word' id='word_1_399' title='bbox 62 2683 1113 2800; x_wconf 51' lang='lat' dir='ltr'><em>{²2³⁶tillitusltfltttllltttttfltdttltlltlt’ltittl?</em></span> 
     </span>
     <span class='ocr_line' id='line_1_38' title="bbox 61 2763 1101 2876; baseline -0.001 -13"><span class='ocrx_word' id='word_1_400' title='bbox 61 2763 250 2863; x_wconf 53' lang='lat' dir='ltr'><em>thilahssinthat</em></span> <span class='ocrx_word' id='word_1_401' title='bbox 262 2764 383 2876; x_wconf 70' lang='lat' dir='ltr'><em>capacity.</em></span> <span class='ocrx_word' id='word_1_402' title='bbox 410 2764 427 2812; x_wconf 77' lang='lat' dir='ltr'>p</span> <span class='ocrx_word' id='word_1_403' title='bbox 453 2764 469 2812; x_wconf 75' lang='lat' dir='ltr'>y</span> <span class='ocrx_word' id='word_1_404' title='bbox 654 2781 661 2796; x_wconf 45' lang='lat'><strong>·</strong></span> <span class='ocrx_word' id='word_1_405' title='bbox 950 2764 966 2813; x_wconf 75' lang='lat' dir='ltr'>p</span> <span class='ocrx_word' id='word_1_406' title='bbox 993 2765 1009 2814; x_wconf 76' lang='lat' dir='ltr'>y</span> <span class='ocrx_word' id='word_1_407' title='bbox 1085 2767 1101 2815; x_wconf 71' lang='lat' dir='ltr'>y</span> 
     </span>
    </p>

    <p class='ocr_par' dir='ltr' id='par_1_8' title="bbox 109 2894 1113 2955">
     <span class='ocr_line' id='line_1_39' title="bbox 109 2894 1113 2955; baseline 0.004 -15"><span class='ocrx_word' id='word_1_408' title='bbox 109 2895 130 2941; x_wconf 92' lang='lat'><em>1.</em></span> <span class='ocrx_word' id='word_1_409' title='bbox 150 2896 187 2941; x_wconf 79' lang='grc'><em>19.</em></span> <span class='ocrx_word' id='word_1_410' title='bbox 224 2896 491 2952; x_wconf 73' lang='lat' dir='ltr'><em>praemittebat—qut</em></span> <span class='ocrx_word' id='word_1_411' title='bbox 507 2894 699 2955; x_wconf 67' lang='lat' dir='ltr'><em>cantarentur]</em></span> <span class='ocrx_word' id='word_1_412' title='bbox 719 2894 793 2944; x_wconf 88' lang='lat' dir='ltr'><em>‘used</em></span> <span class='ocrx_word' id='word_1_413' title='bbox 809 2901 836 2944; x_wconf 90' lang='lat' dir='ltr'><em>to</em></span> <span class='ocrx_word' id='word_1_414' title='bbox 851 2896 911 2944; x_wconf 90' lang='lat' dir='ltr'><em>send</em></span> <span class='ocrx_word' id='word_1_415' title='bbox 929 2894 956 2943; x_wconf 90' lang='lat' dir='ltr'><em>in</em></span> <span class='ocrx_word' id='word_1_416' title='bbox 969 2894 1113 2944; x_wconf 89' lang='lat' dir='ltr'><em>advance-</em></span> 
     </span>
    </p>
   </div>
   <div class='ocr_carea' id='block_1_8' title="bbox 61 2955 1188 3086">
    <p class='ocr_par' dir='ltr' id='par_1_9' title="bbox 61 2955 1188 3086">
     <span class='ocr_line' id='line_1_40' title="bbox 61 2955 1188 3026; baseline 0.004 -20"><span class='ocrx_word' id='word_1_417' title='bbox 61 2973 165 3023; x_wconf 88' lang='lat' dir='ltr'><em>persons</em></span> <span class='ocrx_word' id='word_1_418' title='bbox 177 2963 204 3006; x_wconf 93' lang='lat' dir='ltr'><em>to</em></span> <span class='ocrx_word' id='word_1_419' title='bbox 215 2955 385 3017; x_wconf 86' lang='lat' dir='ltr'><em>search,&#39;final</em></span> <span class='ocrx_word' id='word_1_420' title='bbox 394 2959 458 3022; x_wconf 90' lang='lat' dir='ltr'><em>subj.</em></span> <span class='ocrx_word' id='word_1_421' title='bbox 467 2974 494 3008; x_wconf 90' lang='lat' dir='ltr'><em>as</em></span> <span class='ocrx_word' id='word_1_422' title='bbox 505 2958 531 3008; x_wconf 91' lang='lat' dir='ltr'><em>in</em></span> <span class='ocrx_word' id='word_1_423' title='bbox 538 2960 580 3009; x_wconf 88' lang='lat' dir='ltr'><em>the</em></span> <span class='ocrx_word' id='word_1_424' title='bbox 589 2958 671 3010; x_wconf 88' lang='lat' dir='ltr'><em>clause</em></span> <span class='ocrx_word' id='word_1_425' title='bbox 679 2961 903 3010; x_wconf 82' lang='lat' dir='ltr'><em>ne-occultaretur</em></span> <span class='ocrx_word' id='word_1_426' title='bbox 912 2960 993 3010; x_wconf 88' lang='lat' dir='ltr'><em>which</em></span> <span class='ocrx_word' id='word_1_427' title='bbox 1000 2962 1112 3026; x_wconf 88' lang='lat' dir='ltr'><em>depends</em></span> <span class='ocrx_word' id='word_1_428' title='bbox 1185 2959 1188 2967; x_wconf 87' lang='grc'><strong>’</strong></span> 
     </span>
     <span class='ocr_line' id='line_1_41' title="bbox 61 3022 416 3086; baseline -0.006 -13"><span class='ocrx_word' id='word_1_429' title='bbox 61 3038 95 3073; x_wconf 90' lang='lat' dir='ltr'><em>on</em></span> <span class='ocrx_word' id='word_1_430' title='bbox 106 3022 416 3086; x_wconf 78' lang='lat' dir='ltr'><em>exquirerent=caoerent</em></span> 
     </span>
    </p>
   </div>
   <div class='ocr_carea' id='block_1_9' title="bbox 62 3102 1164 3281">
    <p class='ocr_par' dir='ltr' id='par_1_10' title="bbox 62 3102 1164 3281">
     <span class='ocr_line' id='line_1_42' title="bbox 109 3102 1164 3220; baseline 0.005 -69"><span class='ocrx_word' id='word_1_431' title='bbox 109 3104 186 3193; x_wconf 56' lang='grc'><em>121.</em></span> <span class='ocrx_word' id='word_1_432' title='bbox 223 3102 399 3163; x_wconf 62' lang='lat' dir='ltr'><em>mattam]</em></span> <span class='ocrx_word' id='word_1_433' title='bbox 423 3103 661 3190; x_wconf 44' lang='lat' dir='ltr'><em>affliccifmm</em></span> <span class='ocrx_word' id='word_1_434' title='bbox 680 3104 762 3220; x_wconf 55' lang='lat' dir='ltr'><em>acrius,</em></span> <span class='ocrx_word' id='word_1_435' title='bbox 792 3105 833 3155; x_wconf 87' lang='lat' dir='ltr'><em>‘to</em></span> <span class='ocrx_word' id='word_1_436' title='bbox 853 3103 993 3174; x_wconf 54' lang='lat' dir='ltr'><em>puncturess</em></span> <span class='ocrx_word' id='word_1_437' title='bbox 1009 3105 1111 3156; x_wconf 86' lang='lat' dir='ltr'><em>whence</em></span> <span class='ocrx_word' id='word_1_438' title='bbox 1142 3128 1164 3188; x_wconf 51' lang='lat' dir='ltr'><em>p</em></span> 
     </span>
     <span class='ocr_line' id='line_1_43' title="bbox 62 3167 1110 3281; baseline 0.009 -68"><span class='ocrx_word' id='word_1_439' title='bbox 62 3167 360 3281; x_wconf 49' lang='lat' dir='ltr'><em>giytysaatitongarslclaureade</em></span> <span class='ocrx_word' id='word_1_440' title='bbox 370 3168 404 3231; x_wconf 90' lang='lat' dir='ltr'><em>by</em></span> <span class='ocrx_word' id='word_1_441' title='bbox 415 3176 571 3234; x_wconf 83' lang='lat' dir='ltr'><em>punctunng,</em></span> <span class='ocrx_word' id='word_1_442' title='bbox 592 3184 631 3234; x_wconf 86' lang='lat' dir='ltr'><em>ep.</em></span> <span class='ocrx_word' id='word_1_443' title='bbox 645 3169 678 3218; x_wconf 93' lang='lat' dir='ltr'><em>ad</em></span> <span class='ocrx_word' id='word_1_444' title='bbox 714 3169 747 3219; x_wconf 87' lang='lat' dir='ltr'><em>al.</em></span> <span class='ocrx_word' id='word_1_445' title='bbox 758 3181 788 3219; x_wconf 82' lang='lat' dir='ltr'><em>vt</em></span> <span class='ocrx_word' id='word_1_446' title='bbox 802 3169 841 3232; x_wconf 83' lang='lat'><em>17)</em></span> <span class='ocrx_word' id='word_1_447' title='bbox 853 3185 938 3220; x_wconf 74' lang='lat' dir='ltr'><em>meam</em></span> <span class='ocrx_word' id='word_1_448' title='bbox 948 3185 964 3220; x_wconf 90' lang='lat' dir='ltr'><em>a</em></span> <span class='ocrx_word' id='word_1_449' title='bbox 977 3170 1110 3222; x_wconf 86' lang='lat' dir='ltr'><em>‘branded’</em></span> 
     </span>
    </p>
   </div>
   <div class='ocr_carea' id='block_1_10' title="bbox 109 3311 627 3378">
    <p class='ocr_par' dir='ltr' id='par_1_11' title="bbox 109 3311 627 3378">
     <span class='ocr_line' id='line_1_44' title="bbox 109 3311 627 3378; baseline 0.01 -18"><span class='ocrx_word' id='word_1_450' title='bbox 109 3315 243 3371; x_wconf 77' lang='lat' dir='ltr'><em>miserum,</em></span> <span class='ocrx_word' id='word_1_451' title='bbox 257 3312 455 3375; x_wconf 78' lang='lat' dir='ltr'><em>aus-purarer]</em></span> <span class='ocrx_word' id='word_1_452' title='bbox 471 3314 554 3364; x_wconf 89' lang='lat' dir='ltr'><em>causal</em></span> <span class='ocrx_word' id='word_1_453' title='bbox 564 3311 627 3378; x_wconf 78' lang='lat' dir='ltr'><em>subi.</em></span> 
     </span>
    </p>
   </div>
   <div class='ocr_carea' id='block_1_11' title="bbox 61 3392 1108 3717">
    <p class='ocr_par' dir='ltr' id='par_1_12' title="bbox 61 3392 1108 3717">
     <span class='ocr_line' id='line_1_45' title="bbox 108 3392 1108 3454; baseline 0.004 -11"><span class='ocrx_word' id='word_1_454' title='bbox 108 3395 127 3443; x_wconf 87' lang='lat'><em>1.</em></span> <span class='ocrx_word' id='word_1_455' title='bbox 143 3397 181 3440; x_wconf 82' lang='lat'><em>23.</em></span> <span class='ocrx_word' id='word_1_456' title='bbox 214 3405 262 3442; x_wconf 84' lang='lat' dir='ltr'><em>uec</em></span> <span class='ocrx_word' id='word_1_457' title='bbox 273 3405 333 3441; x_wconf 88' lang='lat' dir='ltr'><em>eum</em></span> <span class='ocrx_word' id='word_1_458' title='bbox 343 3395 449 3454; x_wconf 76' lang='lat' dir='ltr'><em>refellit]</em></span> <span class='ocrx_word' id='word_1_459' title='bbox 470 3395 526 3444; x_wconf 88' lang='lat' dir='ltr'><em>‘nor</em></span> <span class='ocrx_word' id='word_1_460' title='bbox 537 3411 587 3444; x_wconf 84' lang='lat' dir='ltr'><em>was</em></span> <span class='ocrx_word' id='word_1_461' title='bbox 598 3396 630 3444; x_wconf 90' lang='lat' dir='ltr'><em>he</em></span> <span class='ocrx_word' id='word_1_462' title='bbox 641 3392 783 3444; x_wconf 62' lang='lat' dir='ltr'><em>mistaten!</em></span> <span class='ocrx_word' id='word_1_463' title='bbox 814 3394 933 3446; x_wconf 86' lang='lat' dir='ltr'><em>Fallere</em></span> <span class='ocrx_word' id='word_1_464' title='bbox 942 3395 965 3446; x_wconf 86' lang='lat' dir='ltr'><em>is</em></span> <span class='ocrx_word' id='word_1_465' title='bbox 977 3396 1037 3446; x_wconf 87' lang='lat' dir='ltr'><em>here</em></span> <span class='ocrx_word' id='word_1_466' title='bbox 1047 3397 1108 3447; x_wconf 89' lang='lat' dir='ltr'><em>used</em></span> 
     </span>
     <span class='ocr_line' id='line_1_46' title="bbox 61 3457 1107 3523; baseline 0.002 -16"><span class='ocrx_word' id='word_1_467' title='bbox 61 3457 238 3522; x_wconf 89' lang='lat' dir='ltr'><em>impersonally</em></span> <span class='ocrx_word' id='word_1_468' title='bbox 248 3473 275 3506; x_wconf 88' lang='lat' dir='ltr'><em>as</em></span> <span class='ocrx_word' id='word_1_469' title='bbox 287 3473 332 3522; x_wconf 90' lang='lat' dir='ltr'><em>pro</em></span> <span class='ocrx_word' id='word_1_470' title='bbox 344 3458 407 3508; x_wconf 89' lang='lat' dir='ltr'><em>Sest.</em></span> <span class='ocrx_word' id='word_1_471' title='bbox 422 3460 434 3517; x_wconf 86' lang='lat'>5</span> <span class='ocrx_word' id='word_1_472' title='bbox 448 3457 493 3508; x_wconf 88' lang='lat'><em>106</em></span> <span class='ocrx_word' id='word_1_473' title='bbox 504 3475 579 3517; x_wconf 89' lang='lat' dir='ltr'><em>nunc,</em></span> <span class='ocrx_word' id='word_1_474' title='bbox 590 3460 644 3508; x_wconf 88' lang='lat' dir='ltr'><em>nisi</em></span> <span class='ocrx_word' id='word_1_475' title='bbox 654 3476 692 3509; x_wconf 91' lang='lat' dir='ltr'><em>me</em></span> <span class='ocrx_word' id='word_1_476' title='bbox 694 3461 732 3523; x_wconf 86' lang='lat' dir='ltr'><em>sa</em></span> <span class='ocrx_word' id='word_1_477' title='bbox 737 3461 793 3520; x_wconf 87' lang='lat' dir='ltr'><em>llil,</em></span> <span class='ocrx_word' id='word_1_478' title='bbox 808 3461 837 3509; x_wconf 88' lang='lat' dir='ltr'><em>in</em></span> <span class='ocrx_word' id='word_1_479' title='bbox 847 3477 873 3511; x_wconf 85' lang='lat' dir='ltr'><em>eo</em></span> <span class='ocrx_word' id='word_1_480' title='bbox 882 3468 958 3521; x_wconf 88' lang='lat' dir='ltr'><em>statu,</em></span> <span class='ocrx_word' id='word_1_481' title='bbox 968 3462 1056 3511; x_wconf 85' lang='lat' dir='ltr'><em>civitas</em></span> <span class='ocrx_word' id='word_1_482' title='bbox 1066 3469 1107 3518; x_wconf 89' lang='lat' dir='ltr'><em>est,</em></span> 
     </span>
     <span class='ocr_line' id='line_1_47' title="bbox 61 3522 1108 3589; baseline 0.001 -17"><span class='ocrx_word' id='word_1_483' title='bbox 61 3539 101 3586; x_wconf 89' lang='lat' dir='ltr'><em>ep.</em></span> <span class='ocrx_word' id='word_1_484' title='bbox 113 3523 146 3571; x_wconf 90' lang='lat' dir='ltr'><em>ad</em></span> <span class='ocrx_word' id='word_1_485' title='bbox 164 3522 300 3581; x_wconf 82' lang='lat' dir='ltr'><em>sam.1vo‚</em></span> <span class='ocrx_word' id='word_1_486' title='bbox 315 3536 329 3585; x_wconf 83' lang='lat'>3</span> <span class='ocrx_word' id='word_1_487' title='bbox 346 3530 471 3586; x_wconf 89' lang='lat' dir='ltr'><em>qnantum</em></span> <span class='ocrx_word' id='word_1_488' title='bbox 487 3540 531 3574; x_wconf 88' lang='lat' dir='ltr'><em>nos</em></span> <span class='ocrx_word' id='word_1_489' title='bbox 538 3524 688 3589; x_wconf 82' lang='lat' dir='ltr'><em>fefellerit</em></span> <span class='ocrx_word' id='word_1_490' title='bbox 698 3533 722 3575; x_wconf 89' lang='lat' dir='ltr'><em>et</em></span> <span class='ocrx_word' id='word_1_491' title='bbox 735 3541 806 3589; x_wconf 83' lang='lat' dir='ltr'><em>quem</em></span> <span class='ocrx_word' id='word_1_492' title='bbox 819 3525 848 3574; x_wconf 90' lang='lat' dir='ltr'><em>in</em></span> <span class='ocrx_word' id='word_1_493' title='bbox 865 3526 943 3574; x_wconf 89' lang='lat' dir='ltr'><em>locum</em></span> <span class='ocrx_word' id='word_1_494' title='bbox 958 3543 997 3575; x_wconf 88' lang='lat' dir='ltr'><em>res</em></span> <span class='ocrx_word' id='word_1_495' title='bbox 1008 3527 1108 3575; x_wconf 86' lang='lat' dir='ltr'><em>deducta</em></span> 
     </span>
     <span class='ocr_line' id='line_1_48' title="bbox 61 3586 1107 3654; baseline 0.004 -19"><span class='ocrx_word' id='word_1_496' title='bbox 61 3589 95 3635; x_wconf 85' lang='lat' dir='ltr'><em>sit</em></span> <span class='ocrx_word' id='word_1_497' title='bbox 114 3586 187 3646; x_wconf 87' lang='lat' dir='ltr'><em>uides,</em></span> <span class='ocrx_word' id='word_1_498' title='bbox 208 3602 247 3650; x_wconf 92' lang='lat' dir='ltr'><em>ep.</em></span> <span class='ocrx_word' id='word_1_499' title='bbox 268 3587 301 3635; x_wconf 89' lang='lat' dir='ltr'><em>ad</em></span> <span class='ocrx_word' id='word_1_500' title='bbox 320 3587 397 3636; x_wconf 88' lang='lat' dir='ltr'><em>Attic.</em></span> <span class='ocrx_word' id='word_1_501' title='bbox 424 3599 476 3636; x_wconf 75' lang='lat' dir='ltr'><em>xlv</em></span> <span class='ocrx_word' id='word_1_502' title='bbox 496 3604 533 3648; x_wconf 82' lang='lat' dir='ltr'><em>la,</em></span> <span class='ocrx_word' id='word_1_503' title='bbox 556 3589 633 3639; x_wconf 76' lang='lat' dir='ltr'><em>esea</em></span> <span class='ocrx_word' id='word_1_504' title='bbox 649 3605 699 3650; x_wconf 89' lang='lat' dir='ltr'><em>nos,</em></span> <span class='ocrx_word' id='word_1_505' title='bbox 719 3590 773 3639; x_wconf 83' lang='lat' dir='ltr'><em>nisi</em></span> <span class='ocrx_word' id='word_1_506' title='bbox 790 3605 828 3639; x_wconf 91' lang='lat' dir='ltr'><em>me</em></span> <span class='ocrx_word' id='word_1_507' title='bbox 839 3589 943 3654; x_wconf 86' lang='lat' dir='ltr'><em>fallit,</em></span> <span class='ocrx_word' id='word_1_508' title='bbox 964 3591 1107 3641; x_wconf 81' lang='lat' dir='ltr'><em>iacebimus.</em></span> 
     </span>
     <span class='ocr_line' id='line_1_49' title="bbox 61 3651 695 3717; baseline -0.002 -16"><span class='ocrx_word' id='word_1_509' title='bbox 61 3651 99 3701; x_wconf 94' lang='lat' dir='ltr'><em>Or</em></span> <span class='ocrx_word' id='word_1_510' title='bbox 110 3667 148 3700; x_wconf 89' lang='lat' dir='ltr'><em>we</em></span> <span class='ocrx_word' id='word_1_511' title='bbox 159 3666 216 3716; x_wconf 86' lang='lat' dir='ltr'><em>may</em></span> <span class='ocrx_word' id='word_1_512' title='bbox 227 3651 316 3716; x_wconf 83' lang='lat' dir='ltr'><em>supply</em></span> <span class='ocrx_word' id='word_1_513' title='bbox 328 3652 423 3702; x_wconf 80' lang='lat' dir='ltr'><em>Thebe</em></span> <span class='ocrx_word' id='word_1_514' title='bbox 433 3653 543 3702; x_wconf 83' lang='lat' dir='ltr'><em>coniunx</em></span> <span class='ocrx_word' id='word_1_515' title='bbox 552 3669 580 3703; x_wconf 87' lang='lat' dir='ltr'><em>as</em></span> <span class='ocrx_word' id='word_1_516' title='bbox 591 3653 695 3717; x_wconf 88' lang='lat' dir='ltr'><em>subject.</em></span> 
     </span>
    </p>
   </div>
   <div class='ocr_carea' id='block_1_12' title="bbox 107 3732 944 3881">
    <p class='ocr_par' dir='ltr' id='par_1_13' title="bbox 107 3732 944 3881">
     <span class='ocr_line' id='line_1_50' title="bbox 108 3732 944 3797; baseline 0.007 -16"><span class='ocrx_word' id='word_1_517' title='bbox 108 3735 144 3781; x_wconf 77' lang='lat' dir='ltr'><em>ab</em></span> <span class='ocrx_word' id='word_1_518' title='bbox 155 3743 187 3781; x_wconf 79' lang='lat' dir='ltr'><em>ea</em></span> <span class='ocrx_word' id='word_1_519' title='bbox 197 3732 266 3792; x_wconf 77' lang='lat' dir='ltr'><em>lpse]</em></span> <span class='ocrx_word' id='word_1_520' title='bbox 283 3747 324 3782; x_wconf 88' lang='lat' dir='ltr'><em>see</em></span> <span class='ocrx_word' id='word_1_521' title='bbox 335 3732 465 3797; x_wconf 90' lang='lat' dir='ltr'><em>quotation</em></span> <span class='ocrx_word' id='word_1_522' title='bbox 476 3733 540 3782; x_wconf 76' lang='lat' dir='ltr'><em>from</em></span> <span class='ocrx_word' id='word_1_523' title='bbox 552 3733 695 3797; x_wconf 89' lang='lat' dir='ltr'><em>Xenophon</em></span> <span class='ocrx_word' id='word_1_524' title='bbox 706 3733 793 3795; x_wconf 84' lang='lat' dir='ltr'><em>abore,</em></span> <span class='ocrx_word' id='word_1_525' title='bbox 807 3735 821 3796; x_wconf 81' lang='lat'>5</span> <span class='ocrx_word' id='word_1_526' title='bbox 833 3747 862 3797; x_wconf 74' lang='lat'><em>25</em></span> <span class='ocrx_word' id='word_1_527' title='bbox 875 3734 892 3783; x_wconf 92' lang='lat' dir='ltr'><em>l.</em></span> <span class='ocrx_word' id='word_1_528' title='bbox 907 3747 944 3796; x_wconf 80' lang='lat'><em>15.</em></span> 
     </span>
     <span class='ocr_line' id='line_1_51' title="bbox 107 3812 793 3881; baseline 0 -17"><span class='ocrx_word' id='word_1_529' title='bbox 107 3815 126 3864; x_wconf 88' lang='lat' dir='ltr'><em>l.</em></span> <span class='ocrx_word' id='word_1_530' title='bbox 140 3817 179 3862; x_wconf 74' lang='grc'><em>11.</em></span> <span class='ocrx_word' id='word_1_531' title='bbox 212 3813 409 3877; x_wconf 69' lang='grc' dir='ltr'>(ιω-7101111]</span> <span class='ocrx_word' id='word_1_532' title='bbox 424 3813 581 3865; x_wconf 85' lang='lat' dir='ltr'><em>consecutive</em></span> <span class='ocrx_word' id='word_1_533' title='bbox 591 3812 655 3878; x_wconf 86' lang='lat' dir='ltr'><em>subj.</em></span> <span class='ocrx_word' id='word_1_534' title='bbox 668 3813 728 3865; x_wconf 88' lang='lat' dir='ltr'><em>with</em></span> <span class='ocrx_word' id='word_1_535' title='bbox 739 3815 793 3881; x_wconf 88' lang='lat' dir='ltr'><em>qui.</em></span> 
     </span>
    </p>
   </div>
   <div class='ocr_carea' id='block_1_13' title="bbox 0 0 1260 4192">
    <p class='ocr_par' dir='ltr' id='par_1_14' title="bbox 0 0 1260 4192">
     <span class='ocr_line' id='line_1_52' title="bbox 0 0 1260 4192; baseline 0 0"><span class='ocrx_word' id='word_1_536' title='bbox 0 0 1260 4192; x_wconf 95' lang='lat' dir='ltr'><em> </em></span> 
     </span>
    </p>
   </div>
  </div>
 </body>
</html>
