2512 4192
38 158 137 216 Ixtv
154 155 223 238 160]
378 161 570 219 Honestumne
590 162 762 236 conparatio
1053 177 1089 236 57

36 324 155 416 gmffiee
167 325 256 418 ‘iffi
292 325 422 400 humani,
451 327 576 403 attingat
598 327 800 404 cognitionem
828 345 934 399 rerum,
961 328 1090 405 solivaga

36 425 97 526 ἓξὲξ
98 426 136 517 0¹22
149 428 224 520 31ng0
224 437 261 520 ἐς
293 422 424 498 cognitio
438 434 468 484 et
481 422 580 483 ieiuna
590 422 731 492 videatur,
769 423 900 498 itemque
914 424 1088 500 magnitudo

36 528 159 570 manwen.
293 520 393 593 animi.
419 531 535 581 remota
574 519 788 580 communitate
819 521 1089 600 coniunctioneque

36 609 180 686 humana,
199 615 299 676 feritas
319 616 356 677 sit
377 618 525 693 quaedam
545 629 575 678 et
595 615 772 678 immanitas.
815 618 864 676 Ita
883 618 916 676 fit
936 628 969 678 ut
990 617 1088 679 vincat

35 709 219 786 cognitionis
239 714 370 775 studium
391 715 573 776 consociatio
593 714 749 777 hominum
770 725 859 789 atque
879 715 1083 776 communitas.
1119 737 1132 785 5

62 837 252 891 Necesatyisnog
294 813 359 888 158.
402 813 468 872 Nee
488 832 590 872 vemm
611 823 656 872 est
693 812 776 888 quod
798 809 907 870 dicitur
929 831 947 871 a
970 811 1088 888 quibus-

35 890 253 997 ῗῇἓῗῐῗξέὴὲῖιξῐξὴξ
291 909 369 981 dam,
388 919 510 985 propter
526 909 733 970 necessitatem
755 906 842 979 vitae,
860 908 941 983 quod
959 927 1087 984 eaquae

36 999 100 1040 ‘¹⁶⁸5'
288 1016 393 1065 natura
422 1005 609 1077 desideraret,
628 1002 783 1080 consequi¹
803 1003 867 1063 sine
898 1003 963 1062 aliis
997 1015 1085 1081 atque

35 1096 154 1158 efficere
182 1119 245 1160 nou
271 1121 435 1177 possemus,
466 1102 577 1162 idcirco
604 1101 708 1161 initam
731 1120 796 1161 esse
820 1120 889 1159 cum
916 1101 1086 1161 hominibus

35 1196 282 1257 communitatem
304 1210 333 1258 et
354 1199 535 1259 societatem.
578 1199 695 1274 Quodsi
717 1197 818 1257 omnia
835 1196 923 1257 nobis
945 1217 1023 1274 quae
1046 1201 1086 1259 ad
1102 1221 1131 1254 10

34 1289 148 1350 victum
172 1294 343 1371 cultumque
366 1295 524 1371 pertinent,
549 1294 633 1372 quasi
657 1294 770 1370 virgula
797 1292 907 1365 divina,
936 1305 970 1353 ut
992 1295 1083 1368 aiunt,

36 1389 304 1465 suppeditarentur,
326 1402 390 1450 tum
411 1391 524 1468 optimo
549 1391 673 1468 quisque
701 1389 820 1466 ingenio
848 1390 972 1466 negotiis
994 1392 1087 1450 omni·

35 1483 91 1544 bus
106 1485 224 1546 omissis
238 1475 334 1547 totum
349 1487 425 1547 sein
440 1487 609 1565 cognitione
624 1499 653 1548 et
673 1486 796 1546 scientia
812 1488 977 1547 collocaret.
1013 1490 1042 1547 N
1045 1508 1084 1548 on

35 1592 80 1641 est
94 1582 144 1642 ita
187 1585 267 1642 Nam
281 1595 311 1643 et
325 1584 515 1644 solitudinem
538 1575 650 1661 fugeret
671 1594 701 1648 et
722 1583 836 1645 socium
856 1583 944 1644 studii
965 1602 1084 1660 quaere·

34 1689 176 1752 rentum
194 1681 302 1740 docere
334 1691 398 1740 tum
421 1681 533 1742 discere
554 1683 652 1754 vellet,
670 1691 735 1740 tum
757 1680 858 1739 audire
888 1690 953 1739 tum
974 1685 1080 1740 dicere.
1099 1701 1127 1746 15

35 1779 114 1857 Ergo
136 1797 227 1837 omne
247 1776 385 1851 officium,
407 1780 490 1854 quod
510 1781 550 1839 ad
570 1777 811 1838 coniunctionem
831 1776 986 1836 hominum
1001 1788 1030 1837 et
1043 1780 1083 1837 ad

34 1878 210 1939 societatem
231 1878 373 1937 tuendam
388 1878 473 1949 valet,
490 1877 733 1953 anteponendum
754 1885 799 1934 est
819 1873 861 1932 illi
883 1874 987 1946 officio,
1001 1877 1083 1951 quod
1135 1876 1139 1888 ’

10 1972 40 2051 l·
57 1989 106 2031 rue
123 1988 249 2040 obligations
286 1972 455 2050 cognitione
483 1984 513 2032 et
536 1972 658 2032 scientia
680 1971 853 2032 continetur.
900 1989 966 2049 159.
1002 1973 1082 2033 Illud

33 2040 134 2132 ineifflai‘i
147 2040 249 2140 ilidii]
285 2070 407 2129 forsitan
431 2071 634 2147 quaerendum
656 2068 701 2142 sit,
724 2088 796 2128 num
820 2069 895 2128 haec
919 2071 1082 2129 communi-

33 2155 85 2184 Μ’
93 2141 215 2192 mmm
284 2176 337 2240 tas,
358 2186 435 2243 quae
459 2167 586 2226 maxime
611 2177 655 2226 est
679 2176 749 2243 apta
771 2177 903 2239 naturae,
932 2167 969 2227 sit
991 2167 1080 2228 etiam
1097 2189 1127 2223 ιο

33 2261 233 2323 moderationi
251 2263 475 2340 modestiaeque
490 2282 606 2340 semper
618 2264 834 2340 anteponenda
878 2264 907 2321 N
910 2283 949 2322 on
963 2266 1071 2341 placet.

32 2363 106 2421 Sunt
126 2357 206 2420 enim
225 2361 370 2436 quaedam
389 2359 496 2436 partim
523 2359 565 2420 ita
590 2361 687 2433 foeda
716 2359 826 2436 partim
860 2359 901 2419 ita
928 2361 1079 2437 flagitiosa,

33 2466 120 2516 ntea
137 2476 177 2517 ne
193 2458 412 2516 conservandae
430 2457 551 2533 quidem
572 2457 683 2534 patriae
704 2476 794 2516 causa
814 2457 931 2533 sapiens
951 2459 1080 2518 facturus

33 2551 77 2612 sit.
122 2554 169 2611 Ea
183 2552 360 2614 Posidonius
381 2553 499 2630 collegit
518 2555 673 2630 permulta,
694 2555 747 2613 sed
762 2553 802 2612 ita
816 2563 907 2614 taetra
922 2556 1079 2629 quaedam,

32 2647 73 2710 ita
93 2651 233 2723 obscena,
254 2660 287 2709 ut
308 2649 389 2710 dictu
410 2669 529 2727 quoque
549 2650 705 2709 videantur
723 2648 827 2726 turpia.
884 2651 972 2709 Haec
993 2651 1080 2728 igitur
1093 2677 1122 2725 25

33 2765 93 2807 non
109 2746 249 2823 suscipiet
262 2745 305 2806 rei
323 2746 460 2824 publicae
475 2767 563 2806 causa
568 2768 577 2821 3
598 2766 636 2806 ne
649 2746 829 2823 respublica
843 2745 965 2822 quidem
979 2767 1033 2824 pro
1047 2768 1079 2808 se

33 2842 142 2921 suscipi
162 2845 250 2904 volet.
293 2844 352 2904 Sed
372 2845 431 2904 hoc
451 2845 638 2904 commodius
660 2863 758 2905 seres
780 2844 878 2915 habet,
908 2847 990 2921 quod
1017 2866 1078 2908 non

32 2951 130 3016 potest
150 2938 285 3000 accidere
305 2949 430 3016 tempus,
452 2950 485 2999 ut
505 2938 618 2999 intersit
630 2939 673 2999 rei
685 2938 823 3016 publicae
844 2938 1003 3017 quicquam
1017 2941 1078 3003 illo-

32 3057 96 3098 rum
111 3039 209 3097 facere
223 3036 395 3113 sapientem.
443 3040 506 3096 160.
559 3039 655 3112 Quare
670 3037 728 3096 hoc
743 3036 864 3114 quidem
879 3039 1016 3098 effectum
1031 3039 1076 3114 sit,

32 3136 61 3197 in
75 3134 181 3198 officiis
195 3133 360 3212 deligendis
374 3133 406 3193 id
419 3152 511 3211 genus
526 3132 688 3192 officiorum
704 3134 854 3206 excellere,
876 3136 958 3209 quod
979 3145 1077 3196 tenea·
1090 3158 1121 3207 30

32 3246 77 3294 tur
96 3230 253 3295 hominum
273 3231 421 3292 societate.
465 3230 585 3291 Etenim
606 3229 808 3306 cognitionem
828 3232 1076 3312 pmdentiamque

32 3342 170 3409 sequetur
183 3329 370 3391 considerata
389 3328 473 3388 actio.
503 3328 548 3387 Ita
568 3329 600 3387 fit
622 3338 653 3387 ut
674 3347 761 3404 agere
781 3328 966 3391 considerate
986 3316 1076 3409 pluris

32 3429 68 3488 sit
87 3447 179 3505 quarn
205 3426 334 3504 cogitare
353 3427 521 3502 prudenter.
563 3426 665 3501 Atque
686 3426 760 3484 haec
781 3425 903 3501 quidem
924 3428 1074 3489 hactenus.

32 3525 199 3585 Patefactus
211 3523 292 3583 enim
306 3524 389 3582 locus
400 3532 445 3583 est
458 3521 530 3598 ipse,
541 3531 574 3580 ut
588 3523 649 3579 non
665 3519 783 3580 difficile
792 3520 829 3581 sit
846 3521 877 3581 in
892 3523 1075 3600 exquirendo

30 3622 126 3683 officio
146 3622 220 3699 quid
241 3620 347 3697 cuique
367 3619 405 3680 sit
424 3619 669 3695 praeponendum
690 3617 798 3677 videre.
842 3619 880 3677 In
893 3618 958 3695 ipsa
976 3632 1075 3681 autern
1089 3635 1119 3688 35

75 3767 91 3816 3
107 3756 202 3800 remota
212 3765 228 3798 a
239 3747 416 3798 communitate
426 3749 468 3797 Ba
483 3749 565 3798 Heine
577 3751 691 3814 Madvig,
705 3759 799 3801 remota
810 3754 987 3804 communitate
997 3756 1071 3820 vulgo

32 3838 41 3890 l
76 3847 108 3896 29
123 3831 237 3880 effectum
254 3836 291 3878 est
307 3829 393 3889 Halm,
405 3829 489 3879 litim
522 3833 534 3890 1}
569 3843 599 3894 31
619 3834 711 3886 etenim
732 3835 1090 3906 cognitionem-prudenter

24 3907 455 3968 mamhlm'dcbm'cmsetffiine
521 3904 529 3919 “
