2512 4192
82 172 97 228 I
113 185 168 228 xnr
187 165 257 249 149]
400 176 543 227 extonam
563 169 673 244 speciem
691 170 812 246 pertinet
1093 188 1128 248 53

105 373 295 416 w„1,„1d,1,
337 361 438 403 eorum
459 353 527 418 apte
548 343 608 414 frat,
630 341 703 418 quid
723 343 762 402 ab
781 341 879 401 officio
895 353 1059 419 naturaque
1075 345 1131 404 dis·

80 425 297 526 {ffighffiffi
338 448 447 515 crepet
491 438 561 512 Quo
582 437 614 496 in
633 456 739 515 genere
756 456 817 496 non
835 447 881 497 est
897 436 1121 499 incommodum

80 525 296 618 ffiffigggtidofflff
337 539 423 614 quale
441 536 572 613 quidque
586 555 689 596 eorum
707 535 753 609 sit,
772 555 809 596 ex
827 535 892 595 aliis
905 535 1044 611 iudicare,
1060 548 1092 597 ut
1106 538 1130 597 si

80 626 163 673 ἘΜ
336 633 408 709 quid
434 633 578 693 dedeceat
598 632 627 691 in
649 632 706 691 illis
729 631 854 692 vitemus
875 631 939 708 ipsi.
982 632 1030 692 Fit
1050 633 1130 693 enim

78 726 183 788 nescio
198 730 351 804 quomodo
365 740 399 789 ut
417 729 510 807 magis
529 729 560 789 in
577 729 641 789 aliis
660 748 814 789 cernamus
829 748 918 805 quam
935 727 965 787 in
980 729 1128 790 nobismet
1159 746 1172 795 5

77 822 159 900 ipsis,
174 822 288 900 siquid
302 825 489 902 delinquitur.
534 829 640 902 Itaque
659 825 798 886 facillime
822 825 1005 902 corriguntur
1024 827 1055 886 in
1074 827 1130 888 dis·

75 921 188 994 ceud⁰‚
221 940 346 997 quorum
374 923 446 984 vitia
476 922 628 983 imitantur
657 923 837 983 emendandi
868 943 958 982 causa
988 924 1127 1002 magistri.

78 1062 212 1104 aurnuns
221 1063 296 1105 advice
336 1033 401 1094 147.
421 1023 488 1080 Nec
500 1039 571 1080 vero
585 1019 716 1079 alienum
730 1028 775 1079 est
790 1019 831 1078 ad
845 1037 880 1078 ea
895 1018 1038 1096 eligenda,
1051 1038 1127 1096 quae

78 1115 297 1175 ⁰fe¹1³efi⁶¹²⁰0d1>0ff
334 1117 552 1178 dubitationem
566 1120 701 1191 afferunt,
717 1117 858 1177 adhibere
874 1119 978 1177 doctos
993 1117 1128 1178 homines

79 1165 298 1256 diibtmabffitesflief
332 1215 380 1274 vel
402 1215 492 1273 etiam
516 1233 571 1273 usu
593 1213 703 1291 peritos
726 1225 755 1274 et
788 1213 862 1290 quid
883 1213 918 1273 iis
946 1215 984 1274 de
1009 1233 1128 1291 quoque
1143 1243 1172 1276 ιο

78 1266 226 1316 performance
244 1266 295 1307 osa

79 1317 140 1366 dutr-
332 1309 421 1370 officii
441 1329 548 1387 genere
570 1312 687 1387 placeat
721 1309 882 1387 exquirere.
927 1310 1024 1370 Maior
1049 1311 1128 1371 enim

78 1425 147 1483 pars
170 1415 209 1467 eo
233 1408 293 1467 sere
315 1406 420 1467 deferri
441 1408 524 1484 solet,
542 1426 602 1485 quo
626 1426 645 1466 a
666 1417 770 1466 natura
793 1406 858 1483 ipsa
882 1407 1043 1467 deducitur.
1090 1409 1127 1467 In

79 1503 189 1580 quibus
207 1503 371 1564 videndum
392 1514 436 1563 est
456 1522 518 1563 non
540 1504 633 1563 modo
655 1503 728 1580 quid
752 1503 878 1580 quisque
906 1504 1050 1579 loquatur,
1074 1505 1127 1565 sed

78 1600 170 1661 etiam
186 1599 259 1676 quid
277 1600 401 1676 quisque
421 1599 527 1660 sentiat
547 1611 635 1677 atque
655 1600 743 1660 etiam
763 1619 822 1675 qua
841 1601 879 1660 de
898 1619 987 1660 eausa
1000 1600 1126 1677 quisque

80 1697 197 1758 sentiat.
241 1698 285 1757 Ut
303 1696 384 1774 enim
401 1696 529 1773 pictores
550 1706 579 1756 et
597 1695 618 1755 ii
637 1695 688 1772 qui
707 1695 790 1772 signa
808 1695 987 1755 fabricantur
1008 1707 1038 1756 et
1056 1716 1126 1756 vero
1141 1715 1169 1762 15

80 1793 172 1854 etiam
191 1795 298 1870 po'e'tae
317 1811 403 1852 suum
420 1793 545 1869 quisque
566 1813 640 1870 opus
661 1813 679 1852 a
696 1795 786 1869 vulgo
799 1792 978 1852 considerari
995 1795 1065 1866 vult,
1084 1805 1126 1866 ut,

81 1887 192 1964 siquid
205 1891 414 1965 reprehensum
429 1889 466 1948 sit
479 1909 498 1948 a
510 1889 651 1965 pluribus,
663 1888 695 1948 id
709 1888 874 1966 corrigatur,
890 1887 970 1965 iique
984 1900 1014 1948 et
1025 1909 1126 1949 secum

81 1998 111 2046 et
134 1989 175 2046 ab
197 1985 263 2045 aliis
284 1986 356 2062 quid
378 1986 409 2046 in
431 2005 468 2046 eo
491 1995 648 2062 peccatum
672 1984 710 2045 sit
734 1984 910 2061 exquirunt:
937 1984 980 2044 sic
1001 1985 1126 2045 aliorum

80 2083 193 2144 iudicio
207 2085 353 2160 permulta
372 2083 459 2143 nobis
474 2095 503 2143 et
517 2083 653 2143 facienda
672 2093 701 2142 et
716 2103 777 2143 non
791 2082 927 2142 facienda
939 2093 969 2142 et
983 2085 1125 2142 mutanda

106 2196 142 2238 uo
183 2195 296 2255 directions
334 2191 364 2240 et
391 2180 564 2256 corrigenda
591 2191 667 2241 sunt.
717 2182 781 2253 148.
826 2181 912 2255 Quae
938 2199 1008 2241 vero
1042 2199 1124 2241 more
1139 2206 1170 2241 «ο

80 2245 296 2346 ῗοῖηέἓῖἶῖιῖῗιῖῗξ
334 2288 458 2354 agentur
478 2275 678 2353 institutisque
699 2276 841 2348 civilibus,
871 2277 909 2336 de
930 2275 964 2336 iis
986 2276 1058 2336 nihil
1080 2287 1124 2336 est

82 2345 295 2391 CustomandRule;
424 2373 430 2384 .
456 2371 462 2383 .
633 2371 639 2384 .
736 2371 741 2382 .
791 2372 797 2383 .

80 2397 181 2438 brenches
190 2395 214 2436 os
221 2395 294 2444 which,
334 2374 600 2450 praeClplelldUmss
632 2374 681 2432 liia
694 2391 774 2431 enlm
789 2392 854 2449 Ipsa
867 2385 1024 2449 praecepta
1038 2385 1124 2448 sunt3

80 2447 160 2497 though
169 2445 295 2487 overlooked
863 2470 869 2482 ·
1117 2471 1123 2483 .

79 2495 296 2538 ,mmmm
333 2489 390 2530 nec
407 2488 588 2546 quemquam
606 2470 666 2529 hoc
687 2489 782 2531 errore
801 2471 871 2530 duci
892 2481 1016 2547 oportet,
1039 2481 1080 2544 ut,
1101 2491 1125 2530 s1

79 2547 170 2638 {2⁰22
218 2555 297 2637 §.2212
336 2565 410 2644 quid
437 2567 570 2626 Socrates
598 2577 648 2626 aut
675 2565 841 2642 Aristippus
872 2577 979 2628 contra
1012 2586 1126 2627 morem

79 2647 224 2739 ἔξω
244 2660 291 2698 ¹²⁶*
326 2664 639 2741 consuetudinemque
653 2662 771 2722 civilem
785 2662 906 2724 fecerint
916 2663 1044 2724 locutive
1059 2664 1125 2738 sint,
1138 2688 1167 2736 25

79 2766 161 2826 idem
179 2764 237 2826 sibi
255 2763 410 2824 arbitretur
428 2762 536 2822 licere:
571 2761 686 2836 magnis
705 2759 747 2820 illi
767 2772 796 2821 et
815 2759 922 2820 divinis
940 2761 1027 2822 bonis
1048 2761 1125 2822 hanc

80 2862 231 2922 licentiam
248 2859 488 2937 assequebantur.
533 2858 714 2935 Cynicorum
730 2877 801 2918 vero
817 2857 891 2918 ratio
912 2868 975 2918 tota
995 2869 1039 2918 est
1058 2857 1126 2918 eici-

79 2962 177 3022 enda:
204 2970 250 3019 est
270 2957 350 3020 enirn
374 2955 495 3016 inimica
516 2954 720 3027 verecundiae,
744 2953 807 3015 sine
832 2974 892 3031 qua
913 2953 988 3013 nihil
1013 2966 1125 3014 rectum

81 3089 146 3133 m„
163 3089 229 3132 m„
244 3102 293 3140 m„
330 3070 396 3113 esse
409 3063 517 3128 potest,
532 3050 605 3109 nihil
619 3006 897 3134 honestum.)(r49.
941 3051 1002 3108 Eos
1015 3060 1123 3123 autem,

79 3141 293 3232 ffi‘ltgsvffiffigj
331 3168 457 3226 quorum
475 3147 536 3207 vita
552 3158 707 3225 perspecta
725 3146 756 3206 in
778 3148 866 3208 rebus
884 3147 1017 3208 honestis
1036 3159 1124 3226 atque
1137 3161 1168 3210 30

81 3243 142 3284 *Μ
329 3246 443 3324 maguis
464 3256 517 3318 est,
547 3246 624 3305 bene
648 3245 687 3305 de
708 3244 879 3321 republica
902 3244 1062 3306 sentientes
1089 3266 1125 3306 ac

80 3344 157 3405 bene
177 3343 299 3404 meritos
319 3353 370 3403 aut
386 3352 534 3403 merentes
553 3341 604 3415 sic,
626 3352 660 3401 ut
678 3342 778 3418 aliquo
799 3342 913 3402 honore
933 3353 984 3402 aut
997 3341 1122 3420 imperio

80 3443 210 3514 affectos,
233 3441 388 3501 observare
409 3450 440 3499 et
456 3440 553 3499 colere
571 3439 724 3512 debemus,
746 3437 872 3499 tribuere
889 3437 977 3499 etiarn
998 3441 1124 3499 multum

81 3537 231 3611 senectuti,
254 3537 360 3596 cedere
380 3535 416 3594 iis
436 3533 487 3610 qui
506 3533 710 3610 magistratum
728 3535 891 3608 habebunt,
910 3535 1019 3595 habere
1036 3535 1124 3595 dilec-

80 3646 141 3695 tum
165 3633 238 3694 civis
266 3643 297 3694 et
317 3630 466 3710 peregriniv
494 3631 525 3690 in
549 3630 675 3707 ipsoque
701 3631 855 3709 peregrino
882 3631 1056 3708 privatimne
1084 3651 1122 3691 an
1136 3638 1165 3691 35

129 3787 158 3835 18
175 3791 201 3834 et
211 3784 244 3833 ab
254 3783 309 3832 aliis
319 3783 360 3832 Ba
372 3781 452 3832 Heine
461 3781 502 3830 Lu
512 3796 568 3830 cum
579 3778 653 3829 codr'ce
662 3796 686 3843 a,
701 3787 725 3831 et
737 3796 793 3832 curn
804 3779 860 3832 aliis
870 3795 927 3832 cum
938 3785 989 3831 cett.
1002 3779 1070 3830 codd.
1082 3780 1131 3838 Or,

82 3871 105 3912 et
115 3878 144 3913 ex
154 3862 209 3912 aliis
223 3863 308 3923 Unger
