2512 4192
136 153 191 210 126
379 151 435 210 ‘De
452 151 620 210 contentione
639 151 766 209 Honesti
781 157 810 209 et
834 151 921 210 Utilis
971 146 1038 232 [111
1051 166 1121 211 xxu
1135 153 1172 212 86

133 330 201 379 sunt
215 318 369 379 dedecoris
383 337 418 377 ac
431 316 628 394 turpitudinis,
644 315 713 376 satis
729 334 901 392 persuasum
919 334 985 377 esse
998 317 1091 379 debet
1104 318 1175 381 nihil

134 434 198 476 esse
211 414 291 488 utile,
306 415 389 490 quod
402 433 464 474 non
477 414 635 474 honestum
648 396 770 473 sits
916 479 921 505 .·
1148 488 1176 503 ἢ

37 515 119 566 XXII
159 536 244 579 &wal
265 538 344 577 imm.
443 513 490 574 86.
522 512 712 587 Quamquam
730 509 762 572 id
776 509 897 587 quidem
911 522 982 581 cum
1000 511 1174 591 saepealras'

120 587 345 687 .1⁰J{0,2;‘,„2{}³¹{{l
383 618 446 668 tum
460 607 562 685 Pyrrhi
582 607 661 671 bello
682 625 700 667 a
721 608 755 668 C.
772 607 907 668 Fabricio
926 610 1051 670 consule
1071 608 1175 670 iterum

132 687 346 788 a‘l‘i‘hpelilllllfi
383 715 413 766 et
433 723 451 764 a
471 712 696 779 senatue'nostro
717 703 880 764 iudicatum
900 715 973 765 ests
996 706 1078 767 Cum
1097 704 1175 767 enim
1198 726 1209 774 5

133 789 289 880 ,gffflffioeig’s
306 799 345 877 {5²2
382 822 432 863 rex
452 784 579 878 Pyrrhu‘s
599 801 712 877 populo
733 802 873 860 Romano
886 800 998 860 bellum
1011 801 1090 860 ultro
1104 799 1176 861 intu-

133 899 210 979 ξζξξξῗ
224 887 295 978 ῗξοξῗ
309 888 345 978 ῇζ
383 900 471 973 lisset,
493 917 622 974 cumque
643 899 682 958 de
702 897 825 974 imperio
846 908 995 959 certamen
1016 908 1097 959 esset
1109 916 1175 958 cum

135 1002 196 1040 ‘amp
205 989 229 1030 ⁰s
235 1000 343 1029 PYRRHUS
383 1015 450 1072 rege
464 1014 608 1073 generoso
622 1015 657 1054 ac
675 994 798 1080 potenti,
813 995 934 1073 perfuga
947 995 986 1056 ab
999 1015 1038 1056 eo
1052 995 1175 1057 venitin

134 1107 227 1155 castra
242 1093 366 1153 Fabricii
381 1093 466 1170 eique
480 1104 525 1153 est
538 1092 693 1169 pollicitus,
710 1092 735 1151 si
754 1091 917 1169 praemium
936 1091 993 1153 sibi
1011 1092 1176 1170 proposuis

133 1202 185 1263 set,
208 1212 239 1251 se
262 1201 281 1267 u
316 1193 393 1250 clam
413 1170 608 1263 venisset&
629 1191 704 1249 clam
725 1189 757 1247 in
778 1188 879 1266 Pyrrhi
900 1200 996 1249 castra
1015 1190 1175 1251 rediturum
1187 1210 1211 1244 10

133 1300 161 1349 et
176 1276 244 1348 eum
258 1306 374 1348 veneno
389 1297 568 1347 necaturum.
613 1288 705 1344 Hunc
720 1285 870 1345 Fabricius
879 1285 1085 1347 reducendum
1097 1305 1175 1431 quta·

131 1385 173 1446 vit
188 1386 226 1445 ad
246 1386 389 1462 Pyrrhum
403 1383 494 1459 idque
508 1383 570 1443 eius
586 1385 696 1442 factum
714 1384 868 1443 laudatum
880 1402 900 1442 a
913 1393 1018 1444 senatu
1032 1394 1086 1445 est.
1127 1387 1175 1445 At-

132 1481 184 1558 qui
211 1481 236 1541 si
263 1480 392 1558 speciem
419 1480 551 1540 utilitatis
578 1478 810 1556 opinionemque
837 1479 1015 1556 quaerimus,
1037 1464 1174 1559 magnum

132 1579 204 1638 illud
220 1578 330 1637 bellurn
344 1577 466 1653 perfuga
479 1594 555 1634 unus
569 1586 599 1635 et
616 1594 734 1652 gravem
748 1575 946 1635 adversarium
956 1574 1074 1652 imperii
1087 1588 1174 1636 sustu-

132 1673 220 1746 lisset,
238 1674 290 1732 sed
304 1690 444 1748 magnum
464 1673 593 1730 dedecus
615 1681 644 1730 et
664 1669 813 1746 flagitium,
829 1670 957 1746 quicum·
969 1671 1067 1732 laudis
1088 1683 1208 1741 certa-15

133 1788 203 1828 men
230 1768 340 1840 fuisset,
369 1787 437 1828 eum
465 1787 526 1827 non
558 1767 664 1828 virtute
691 1769 746 1827 sed
773 1770 883 1828 scelere
907 1779 1084 1845 superatum
1080 1778 1108 1891 s
1128 1772 1171 1844 87.

134 1867 243 1927 Utrum
265 1863 352 1940 igitur
368 1862 468 1923 utilius
486 1863 534 1923 vel
554 1863 698 1937 Fabricio,
714 1862 766 1939 qui
787 1863 852 1922 talis
872 1863 903 1923 in
919 1865 976 1924 hac
994 1865 1069 1927 urbe
1083 1865 1173 1942 qualis

134 1961 277 2022 Aristides
291 1961 416 2021 Athenis
429 1959 492 2034 fuit,
506 1960 553 2021 vel
574 1960 689 2021 senatui
702 1971 813 2032 nostro,
829 1959 880 2036 qui
894 1979 1060 2037 numquam
1073 1962 1175 2022 utilita-

134 2071 195 2120 tem
209 2080 226 2119 a
241 2060 382 2136 dignitate
396 2057 531 2131 seiunxit,
547 2057 634 2117 armis
655 2076 723 2116 cum
743 2058 829 2118 hoste
848 2068 960 2118 certare
977 2078 1016 2118 an
1037 2059 1197 2125 venenisil

135 2156 165 2217 Si
178 2157 286 2235 gloriae
300 2176 388 2216 causa
401 2154 557 2231 imperium
578 2155 779 2231 expetundum
793 2165 846 2228 est,
861 2155 956 2215 scelus
970 2155 1056 2230 absit,
1071 2156 1211 2233 inquom

136 2274 197 2317 non
211 2266 386 2333 potestesse
398 2251 502 2329 gloria:
524 2251 570 2311 sin
584 2251 664 2328 ipsae
675 2270 746 2328 opes
757 2262 933 2328 expetuntur
941 2270 1002 2328 quo
1024 2271 1065 2331 uo
1076 2255 1173 2328 modo,

384 2368 445 2408 non
458 2358 596 2424 poterunt
609 2347 694 2408 utiles
708 2367 773 2408 esse
787 2367 856 2407 cum
870 2271 1027 2419 infamial'
1043 2351 1116 2411 Non
1129 2351 1175 2428 igi·

136 2415 345 2507 nllimcissehlfnffi
382 2456 429 2505 tur
445 2444 522 2504 utilis
543 2444 593 2503 illa
615 2447 647 2504 L.
672 2443 800 2521 Philippi
821 2445 858 2520 Q.
875 2446 906 2504 F.
923 2445 1083 2507 sententia:
1105 2465 1175 2524 quas

134 2518 345 2558 matterosthetowns
403 2541 438 2553 ··
807 2540 812 2551 ·

134 2567 279 2608 ...franchise
317 2567 346 2617 by
383 2553 515 2601 crvrtates
543 2543 576 2601 L.
602 2541 682 2601 Sulla
707 2560 833 2618 pecunia
854 2552 977 2618 accepta
1000 2562 1038 2603 ex
1059 2555 1175 2604 senatus

134 2628 212 2659 Μ
382 2641 519 2699 consulto
532 2639 720 2712 liberavisset,
736 2625 774 2698 ut'
782 2657 835 2699 eae
852 2657 950 2699 rursus
964 2639 1123 2718 vectigales
1136 2661 1176 2703 es
1186 2656 1211 2706 ²5

134 2748 199 2797 sent
213 2756 309 2812 neque
324 2735 358 2795 iis
371 2736 537 2813 pecuniam,
553 2756 643 2813 quarn
657 2756 710 2813 pro
724 2736 857 2796 libertate
876 2737 1028 2810 dederant,
1044 2740 1176 2800 reddere·

135 2851 207 2891 mus.
252 2831 288 2891 Ei
316 2843 435 2892 senatus
463 2843 507 2892 est
534 2851 676 2892 assensus.
720 2833 820 2908 Turpe
847 2831 983 2908 imperio:
1017 2833 1174 2910 piratarum

135 2928 213 2988 enim
235 2927 339 2988 melior
359 2929 432 2988 fides
458 2947 546 3005 quam
569 2939 695 2988 senatus.
713 2907 721 3035 f
738 2931 793 2987 ‘At
817 2939 903 2988 aucta
921 2927 1085 3006 vectigalia,
1106 2930 1175 2992 utile

129 3019 237 3102 'igitur'
279 3026 442 3102 Quousque
457 3026 608 3086 audebunt
622 3025 721 3086 dicere
740 3025 898 3102 quicquam
920 3025 1002 3100 utile,
1018 3028 1103 3103 quod
1116 3046 1174 3088 non

135 3121 312 3181 honesturn?
324 3091 341 3173 l
352 3124 398 3181 88.
433 3123 535 3183 Potest
553 3133 653 3182 autem
671 3122 723 3181 ulli
737 3121 869 3198 imperio
885 3123 969 3198 quod
981 3122 1075 3200 gloria
1088 3124 1175 3185 debet
1186 3141 1213 3192 30

134 3219 240 3276 fultum
254 3237 319 3278 esse
332 3228 362 3278 et
375 3217 580 3278 benevolentia
598 3217 754 3292 sociorum,
770 3216 842 3276 utile
860 3235 925 3279 esse
941 3213 1094 3279 odium'et
1107 3218 1153 3278 inf
1165 3252 1176 3263 ·

159 3383 185 3413 m
232 3373 286 3414 case
323 3372 348 3413 of
381 3311 459 3373 mia?
499 3315 564 3390 Ego
584 3312 674 3373 etiam
695 3332 764 3373 cum
785 3313 901 3374 Catone
921 3331 990 3374 meo
1011 3333 1102 3391 saepe
1121 3313 1176 3374 dis

133 3404 234 3513 {effigi
235 3423 345 3514 2115qu
382 3409 467 3470 sensi.
510 3409 607 3470 Nimis
628 3409 700 3469 mihi
721 3412 881 3487 praefracte
900 3409 1057 3472 videbatur
1076 3409 1177 3474 aerari·

134 3522 158 3562 or
176 3523 212 3563 tue
228 3523 298 3574 putre
315 3536 346 3563 re«
382 3526 434 3566 um
457 3506 668 3584 vectigaliaque
693 3507 860 3580 defendere,
884 3506 986 3568 omnia
1012 3507 1174 3585 publicanis

134 3586 218 3615 ”m
380 3623 497 3680 negare,
518 3608 611 3666 multa
628 3605 724 3679 sociis,
746 3595 815 3665 cum
836 3604 867 3663 in
887 3605 943 3665 hos
964 3604 1092 3667 benefici
1112 3623 1174 3667 esse
1185 3619 1211 3669 35

135 3693 318 3768 deberemus,
333 3715 402 3757 curn
422 3698 478 3760 illis
499 3699 541 3760 sic
562 3719 655 3776 agere,
671 3711 703 3759 ut
722 3718 790 3759 cum
807 3699 921 3760 colonis
942 3700 1052 3779 nostris
1072 3702 1174 3763 solere·

192 3842 226 3910 'ro
242 3826 305 3876 clam
317 3827 379 3876 delet
391 3815 497 3891 Cobetns,
510 3830 604 3879 seclusit
615 3830 655 3878 Bo
688 3832 701 3885 ll
736 3825 766 3890 36
781 3828 1108 3879 sotemmoremmndt
