2512 4192
160 158 215 216 rr8
408 159 457 218 De
474 156 642 220 contuitione
660 40 832 223 Honcriiet
856 165 944 226 Utilis
1023 163 1197 247 [111xv64

1090 281 1199 292 α-ι-

156 335 253 383 turum
273 324 442 401 compendii
463 326 508 386 sui
528 347 625 401 causa,
641 330 723 406 quod
744 349 805 389 non
819 329 912 391 liceat
958 330 1042 392 Huic
1062 352 1120 394 nec
1138 335 1197 396 laus

157 440 263 498 magna
275 420 431 488 tribuenda
445 442 501 483 nec
515 424 607 502 gratia
620 435 672 486 est
688 416 699 459 s
716 428 763 499 64.
806 427 867 487 Sed
886 426 947 488 sive
965 438 996 488 et
1010 427 1158 491 simulatio
1169 443 1198 492 et

157 519 350 580 dissimulatio
365 521 452 580 dolus
465 521 560 580 malus
574 531 627 595 est,
642 541 806 599 perpaucae
820 541 866 583 res
880 534 956 598 sunt,
971 522 1003 583 in
1018 523 1127 602 quibus
1140 546 1198 589 non

157 618 243 676 dolus
257 618 351 677 malus
365 615 420 678 iste
430 628 560 678 versetur
563 638 573 692 3
590 616 651 679 sive
665 618 817 680 virbonus
831 631 876 680 est
888 619 922 695 is,
938 619 990 697 qui
1003 624 1126 699 prodest
1139 624 1197 702 qui·

157 714 212 774 bus
225 724 331 790 potest,
346 725 436 774 nocet
449 714 568 789 nemini,
584 726 663 776 certe
682 715 771 776 istum
789 715 884 777 virum
901 717 1015 779 bonum
1034 738 1098 780 non
1115 721 1196 784 facile
1216 752 1227 802 ⁵

156 808 322 886 reperimus.
364 812 537 889 Numquam
550 824 594 873 est
607 811 694 890 igitur
707 813 778 875 utile
791 834 922 891 peccare,
937 816 1008 894 quia
1026 835 1144 896 semper
1155 833 1196 882 est

156 916 249 982 turpe,
265 916 294 966 et
315 905 384 983 quia
402 926 516 987 semper
529 919 574 971 est
588 882 750 1012 honestuni
759 909 854 971 virum
867 913 980 974 bonum
994 933 1071 991 esse,
1085 935 1196 995 semper

157 1011 201 1061 est
215 1000 292 1061 utile.

79 1129 145 1178 XVI
183 1144 268 1186 seven,
299 1159 369 1188 exam,
466 1105 516 1180 65.
556 1105 602 1163 Ac
623 1105 661 1164 de
682 1103 744 1166 iure
765 1104 886 1182 quidem
906 1107 1096 1184 praediorum
1116 1129 1194 1170 sanc·

156 1195 369 1288 ξξζρᾙξξωζῆξῑξξ
406 1207 470 1258 tum
483 1200 562 1276 apud
576 1219 630 1260 nos
644 1212 688 1261 est
702 1200 763 1262 iure
777 1201 863 1277 civili,
877 1215 911 1264 ut
928 1203 960 1263 in
977 1204 1013 1265 iis
1031 1206 1193 1268 vendendis
1204 1236 1225 1272 ιο

155 1296 369 1397 ffiffiffiilss
406 1291 476 1353 vitia
503 1292 676 1366 dicerentur,
706 1313 782 1370 quae
815 1307 887 1356 nota
913 1308 1013 1357 essent
1039 1297 1190 1361 venditori.

155 1397 253 1488 gqqciagl
286 1377 371 1487 panqqe'
406 1391 487 1477 Nam
510 1410 578 1474 cum
603 1411 641 1452 ex
662 1392 820 1452 duodecim
840 1393 947 1454 tabulis
967 1394 1037 1455 satis
1062 1408 1141 1459 esset
1158 1415 1192 1460 ea

152 1496 241 1587 iiim
261 1497 304 1538 and
328 1497 365 1538 the
402 1485 549 1564 praestari,
575 1506 650 1563 quae
674 1499 772 1549 essent
795 1488 895 1568 lingua
917 1503 1098 1571 nuncupata,
1120 1513 1191 1571 quae

196 1578 201 1587 '
403 1582 455 1660 qui
481 1580 620 1642 infitiatus
647 1594 733 1658 esset,
761 1584 845 1663 dupli
873 1604 1002 1663 poenam
1029 1587 1149 1662 subiret,
1174 1608 1192 1647 a

152 1679 221 1740 iuris
244 1680 384 1741 consultis
404 1678 493 1740 etiam
513 1679 682 1740 reticentiae
705 1700 802 1758 poena
824 1693 869 1743 est
890 1681 1059 1743 constituta
1103 1683 1221 1759 Quid·15

153 1778 226 1856 quid
253 1779 332 1840 enim
359 1789 436 1840 esset
462 1777 494 1837 in
520 1777 641 1855 praedio
668 1778 738 1852 vitii,
760 1778 793 1840 id
819 1766 989 1869 statuefflqt
1012 1779 1038 1841 si
1058 1782 1190 1843 venditor

153 1875 246 1948 sciret,
268 1875 324 1935 nisi
344 1874 517 1934 nominatim
545 1874 659 1935 dictum
685 1886 769 1950 esset,
791 1856 1101 1954 praestari'oportere.
1143 1879 1187 1938 66.

153 1973 205 2044 Ut,
221 1990 288 2030 cum
307 1970 337 2030 in
356 1990 422 2031 arce
441 1970 596 2049 augurium
610 1990 734 2050 augures
753 1971 844 2032 acturi
863 1982 960 2035 essent
980 1971 1189 2050 iussissentque

400 2067 447 2128 Ti.
491 2067 650 2130 Claudium
692 2069 909 2144 Centumalum,
945 2068 997 2147 qui
1030 2071 1121 2132 aedes
1160 2069 1188 2130 in

152 2145 361 2239 ,fiffi'gss'c'm'
400 2163 503 2226 Caelio
535 2174 637 2225 monte
666 2164 802 2238 habebat,
832 2163 966 2225 demoliri
993 2183 1039 2240 ea,
1067 2185 1223 2243 quorumw

400 2262 525 2323 altitudo
546 2262 675 2322 officeret
694 2259 840 2336 auspiciis,
862 2259 1005 2321 Claudius
1023 2261 1189 2340 proscripsit

151 2359 286 2430 insulam,
304 2359 456 2434 vendidit3
483 2358 554 2420 emit
582 2360 613 2417 Ρ.
643 2357 820 2433 Calpurnius
848 2356 998 2418 Lanarius.
1043 2358 1127 2420 Huic
1153 2360 1194 2445 ab.

150 2458 306 2537 auguribus
332 2458 407 2518 illud
432 2457 512 2518 idem
540 2453 744 2516 denuntiatum
771 2466 823 2517 est
879 2456 986 2532 Itaque
1014 2457 1188 2535 Calpurnius

150 2571 219 2613 cum
246 2553 403 2614 demolitus
431 2563 508 2614 esset
534 2561 749 2630 cognossetque
784 2549 944 2611 Claudium
970 2552 1062 2612 aedes
1088 2565 1189 2632 postea

149 2651 359 2731 proscripsisse,
381 2670 470 2729 quam
497 2660 575 2712 esset
600 2650 639 2710 ab
659 2647 816 2727 auguribus
836 2647 971 2710 demoliri
992 2647 1098 2725 iussus,
1119 2649 1220 2731 arbi-2,

396 2759 473 2809 trum
487 2747 571 2807 illum
584 2744 691 2824 adegit,
707 2762 860 2817 eroovro
881 2761 942 2806 srru
962 2761 1050 2805 nono
1071 2762 1188 2807 ancara

148 2825 358 2920 ,Xssffiss'ssgslefl'
396 2860 579 2907 orournnnr
606 2857 648 2901 ax
673 2857 747 2901 rros
772 2857 863 2902 roua
907 2842 950 2902 M.
975 2843 1053 2903 Cato
1074 2856 1186 2907 senten·

395 2942 467 3003 tiam
500 2938 581 3014 dixit,
616 2936 704 3000 huius
737 2937 828 2999 nostri
862 2937 985 3000 Catonis
1011 2952 1104 3018 pater.
1146 2944 1187 3007 Ut

146 3039 227 3102 enim
253 3039 342 3101 ceteri
368 3058 406 3102 ex
431 3035 569 3116 patribus,
591 3033 633 3095 sic
657 3033 715 3107 hic,
736 3033 787 3112 qui
807 3033 881 3096 illud
901 3036 1002 3096 lumen
1023 3038 1185 3116 progenuit,

147 3157 184 3198 ex
198 3137 258 3197 filio
272 3148 315 3197 est
329 3134 534 3197 nominandus.
577 3134 609 3193 Is
627 3131 715 3210 igitur
727 3131 817 3193 iudex
830 3131 872 3191 ita
884 3134 1093 3209 pronuntiavit,
1109 3139 1186 3197 ‘cum
1196 3168 1221 3218 30

147 3233 179 3294 in
205 3235 365 3295 vendundo
391 3253 453 3294 rem
477 3252 542 3293 eam
563 3230 664 3292 scisset
684 3241 715 3292 et
735 3249 796 3291 non
816 3230 1042 3307 pronuntiasset,
1064 3233 1187 3312 emptori

148 3332 288 3391 damnum
314 3329 452 3408 praestari
479 3329 630 3407 oportere’
691 3330 737 3402 67.
780 3328 859 3404 Ergo
893 3327 934 3387 ad
958 3328 1051 3390 fidem
1077 3329 1186 3391 bonam

147 3427 246 3488 statuit
278 3427 422 3505 pertinere
455 3437 560 3487 notum
593 3442 658 3485 esse
685 3423 810 3502 emptori
836 3422 949 3498 vitium,
977 3424 1062 3502 quod
1088 3437 1185 3488 nosset

146 3521 287 3583 venditor.
331 3522 421 3598 Quod
440 3521 556 3581 sirecte
574 3519 723 3593 iudicavit,
737 3537 798 3580 non
816 3529 895 3581 reete
908 3519 1115 3582 frumentarius
1127 3519 1183 3593 ille,

194 3697 208 3747 5
224 3694 290 3735 recte
305 3686 336 3734 St
343 3701 399 3734 cunt
409 3684 481 3746 codd,
499 3684 561 3733 idem
576 3681 656 3733 virum
671 3682 763 3732 iustum
777 3697 833 3731 mm
842 3679 967 3746 plerisque
980 3681 1058 3742 codri..
1075 3685 1143 3733 cede
1153 3696 1184 3731 α

143 3765 263 3817 Lambini
275 3767 336 3817 coni.
348 3767 390 3817 Ba
405 3767 485 3816 Heius
500 3766 541 3814 Lu
553 3767 663 3830 plerique
677 3764 731 3813 edd.
755 3767 765 3823 ΙΙ
792 3779 820 3814 12
838 3763 928 3813 tabulis
942 3778 991 3813 m·
1001 3763 1037 3815 ΙΙ
1046 3763 1087 3815 Be
1098 3769 1183 3815 antra

132 3848 200 3896 sadai
235 3852 250 3908 ll
284 3863 316 3898 aa
334 3849 446 3901 vendidit
456 3847 559 3901 omrBo
569 3855 664 3900 auctore
677 3846 768 3909 Cobelo,
779 3845 848 3896 unc&
858 3845 948 3907 sodor·
1128 3860 1150 3897 n
