2512 4192
386 1071 560 1142 LIBER¹
584 1071 780 1138 PRIMVS

41 1424 86 1505 1in
90 1409 280 1506 vffissffffiffi
384 1434 410 1472 r.
453 1414 637 1488 Qvnnovnn
659 1425 697 1482 te,
711 1417 829 1475 Marce
843 1413 905 1489 sili,
921 1436 1031 1476 annum
1053 1417 1112 1478 iam
1124 1473 1145 1502 .·

64 1515 156 1606 {xiiis
171 1515 279 1605 ttgissonsgvrss
316 1509 486 1570 audientem
508 1509 682 1586 Cratippum
704 1509 794 1586 idque
814 1511 940 1571 Athenis
961 1513 1112 1572 abundare
1140 1519 1143 1526 '
1169 1583 1170 1588 ἵ

63 1615 95 1656 his
123 1616 221 1675 Father's
243 1628 280 1674 ςκ-
318 1618 435 1683 oportet
475 1607 642 1684 praeceptis
676 1606 876 1684 institutisque
909 1609 1114 1686 philosophiae

61 1666 129 1716 ample
147 1679 169 1705 m
182 1665 276 1705 combm·

62 1716 243 1806 ipagtighgitptpppt
256 1714 281 1805 g}
314 1716 435 1781 propter
462 1723 607 1764 summam
635 1715 665 1763 et
693 1704 823 1764 doctoris
850 1704 1053 1767 auctoritatem
1083 1718 1112 1767 et

63 1816 139 1858 Greek.
315 1800 403 1868 urbis,
428 1820 553 1877 quorum
581 1801 654 1883 alter
678 1811 707 1860 te
731 1801 854 1904 scientia
875 1821 981 1878 augere
1003 1814 1110 1879 potest,
1141 1824 1154 1872 5

151 1909 191 1940 ΕΗ·
204 1907 219 1937 ¹·
313 1901 405 1958 altera
423 1899 574 1973 exemplis,
596 1907 705 1971 tamen,
727 1910 764 1957 ut*
778 1897 841 1974 ipse
861 1901 901 1958 ad
922 1919 1018 1959 meam
1037 1900 1112 1959 utili-

61 2010 154 2058 tatem
183 2016 300 2073 semper
326 2014 395 2054 cum
427 1993 548 2054 Graecis
576 1993 682 2053 Latina
716 1993 856 2054 coniunxi
884 2015 981 2072 neque
1015 1995 1046 2054 id
1080 1995 1111 2055 in

60 2091 254 2170 philosophia
277 2092 374 2150 solum
402 2091 456 2150 sed
484 2089 573 2149 etiarn
601 2089 780 2149 indicendi
810 2091 1017 2150 exercitatione
1044 2090 1109 2162 feci,

60 2190 140 2249 idern
162 2188 218 2249 tibi
239 2207 348 2247 censeo
370 2187 548 2259 faciendum,
564 2197 596 2245 ut
616 2206 670 2263 par
689 2187 728 2246 sis
749 2187 779 2245 in
800 2181 949 2263 utriusque
970 2187 1110 2247 orationis

60 2287 210 2346 facultate.
254 2286 352 2360 Quam
374 2283 496 2359 quidem
517 2284 555 2342 ad
577 2302 640 2342 rem
662 2303 727 2355 nos,
751 2294 783 2343 ut
805 2283 946 2356 videmur,
970 2303 1110 2360 magnum
1126 2309 1155 2342 ιο

59 2383 213 2444 attulimus
230 2382 435 2441 adiumentum
456 2380 627 2440 hominibus
646 2381 761 2454 nostris,
777 2392 810 2440 ut
828 2401 890 2440 non
908 2382 1001 2440 modo
1023 2385 1111 2442 Grae-

60 2500 161 2540 carum
176 2480 336 2539 litterarum
350 2479 439 2538 rudes
449 2479 501 2537 sed
511 2477 600 2536 etiarn
609 2477 691 2537 docti
701 2477 885 2553 aliquantum
897 2497 928 2537 se
937 2477 1111 2538 arbitrentur

60 2581 187 2657 adeptos
215 2588 246 2636 et
272 2577 311 2636 ad
335 2575 499 2636 dicendum
517 2586 546 2635 et
568 2575 607 2634 ad
632 2574 830 2634 iudicandum.
875 2595 901 2632 2.
945 2575 1043 2648 Quam
1071 2577 1111 2634 ob

61 2696 123 2736 rem
145 2675 243 2734 disces
260 2685 293 2733 tu
312 2672 434 2749 quidem
453 2673 617 2750 aprincipe
634 2673 721 2732 huius
740 2673 844 2732 aetatis
866 2672 1111 2750 philosophorum

61 2786 92 2835 et
101 2775 198 2834 disces
207 2792 297 2849 quarn
307 2773 356 2831 diu
366 2774 560 2843 voles—tam
572 2771 622 2830 diu
631 2781 730 2831 autem
739 2772 815 2830 velle
826 2769 957 2843 debebis,
969 2772 1070 2846 quoad
1081 2783 1110 2830 te
1126 2790 1152 2836 15

40 2874 41 2877 ’
61 2881 207 2948 quantum
231 2868 367 2946 proficias
387 2887 449 2927 non
468 2867 631 2944 paenitebit
640 2869 745 2942 3—sed
763 2878 865 2926 tamen
886 2877 988 2926 nostra
1009 2868 1110 2943 legens

60 2987 123 3026 non
157 2966 285 3024 multum
318 2983 337 3022 a
371 2961 574 3039 Peripateticis
608 2961 790 3034 dissidentia,
818 2960 960 3038 quoniam
993 2962 1110 3052 utrique
1188 2976 1214 3012 ν’

61 3060 205 3148 Socratici
226 3071 256 3120 et
278 3059 423 3119 Platonici
443 3060 579 3118 volumus
601 3077 674 3131 esse,
698 3060 845 3118 derebus
866 3058 936 3135 ipsis
956 3061 1038 3118 utere
1059 3071 1111 3118 tuo

61 3157 288 3220 iudicio-nihil
316 3155 396 3216 enim
430 3155 612 3232 impedio-,
641 3155 806 3215 orationem
841 3167 940 3215 autem
974 3155 1111 3215 Latinam

62 3256 171 3317 efficies
185 3256 320 3331 profecto
334 3253 467 3330 legendis
483 3253 590 3312 nostris
604 3239 776 3328 pleniorem.
801 3255 866 3311 Nec
879 3271 950 3310 vero
963 3253 1022 3311 hoc
1036 3271 1111 3312 arro·
1124 3273 1154 3307 20

61 3363 165 3431 gauter
179 3352 293 3411 dictum
308 3348 468 3410 existimari
481 3349 578 3408 velim.
622 3352 701 3408 Nam
715 3347 945 3426 philosophandi
958 3347 1112 3408 scientiam

62 3450 233 3511 concedens
256 3447 366 3520 multis,
391 3448 474 3523 quod
496 3457 540 3505 est
563 3446 685 3506 oratoris
707 3445 857 3522 proprium
881 3455 951 3520 apte
973 3445 1111 3506 distincte

63 3555 165 3605 ornate
182 3541 289 3615 dicere,
305 3541 448 3619 quoniam
467 3541 497 3600 in
515 3561 552 3602 eo
573 3542 672 3601 studio
691 3552 819 3599 aetatem
835 3541 1014 3616 consumpsi,
1034 3539 1059 3599 si
1078 3539 1110 3600 id

62 3639 135 3702 mihi
156 3658 286 3712 assumo,
309 3636 412 3698 videor
433 3637 465 3698 id
489 3656 558 3697 meo
585 3637 647 3696 iure
675 3637 807 3713 quodam
830 3635 923 3696 modo
951 3633 1107 3700 vindicare.

160 3753 191 3804 18
207 3750 255 3816 [et]
266 3751 385 3804 Socratici
400 3751 437 3802 Or
466 3755 478 3812 l
514 3766 544 3803 πο
560 3759 704 3820 arroganter
714 3750 764 3804 hoc
779 3750 816 3804 Or
827 3754 906 3805 contr,
920 3749 994 3819 codd.-

979 3872 1063 3916 r-a
