2512 4192
79 173 254 258 11v11126]
428 185 456 234 et
473 176 612 235 contrario
631 177 691 234 einr
710 184 783 234 nretzt
1088 175 1127 250 69

77 343 175 405 teneri
195 364 257 404 non
276 355 414 421 possunt:
436 345 570 421 quivero
588 344 619 402 in
634 344 724 405 libera
737 344 855 405 civitate
872 344 913 404 ita
930 364 961 404 se
976 343 1124 405 instruunt

78 451 114 501 ut
127 452 306 516 metuantur,
326 441 360 501 iis
379 441 451 500 nihil
469 452 566 519 potest
584 460 648 501 esse
663 439 838 500 dementius.
882 440 1025 516 Quamvis
1045 441 1126 502 eninr

79 537 141 596 sint
162 538 314 599 demersae
335 540 413 615 leges
434 537 557 598 alicuius
578 537 693 614 opibus,
716 536 850 613 quamvis
871 536 1020 596 timefacta
1042 537 1126 597 liber-

80 643 136 707 tas,
165 645 320 711 emergunt
341 645 441 694 tamen
461 636 535 694 haec
555 634 718 710 aliquando
743 645 794 693 aut
815 634 931 694 iudiciis
954 634 1052 694 tacitis
1073 647 1124 697 aut

79 730 207 790 occultis
232 733 271 791 de
294 732 407 791 honore
432 730 583 808 suffragiis.
626 729 762 790 Acriores
790 741 891 790 autem
915 751 1029 790 morsus
1058 744 1125 792 sunt
1158 743 1170 793 5

79 828 266 891 intermissae
287 831 427 891 libertatis
449 851 539 908 quarn
562 841 700 892 retentae.
746 832 838 905 Quod
866 831 953 909 igitur
976 833 1125 894 latissume
1193 827 1197 832 ¹

80 937 164 1004 patet
187 947 285 1006 neque
308 930 347 989 ad
369 929 604 989 incolumitatem
629 930 735 1002 solum,
749 929 803 988 sed
827 929 916 988 etiam
941 932 980 990 ad
1004 950 1076 1008 opes
1097 943 1128 992 et

81 1026 249 1102 potentiam
269 1029 347 1088 valet
370 1028 539 1106 plurimum,
568 1028 600 1087 id
620 1029 841 1104 amplectamur,
865 1039 898 1088 ut
921 1041 1017 1090 metus
1041 1028 1125 1103 absit,

81 1121 189 1181 caritas
209 1122 374 1183 retineatur.
418 1127 465 1183 Ita
485 1124 623 1183 facillime
644 1142 721 1200 quae
742 1126 876 1184 volemus
900 1135 930 1184 et
954 1123 1072 1201 privatis
1095 1123 1127 1182 in

81 1218 172 1278 rebus
192 1230 223 1279 et
243 1219 274 1279 in
291 1240 326 1288 re
346 1221 465 1298 publica
485 1240 710 1297 consequemur.
754 1220 873 1281 Etenim
902 1222 953 1299 qui
980 1242 1011 1283 se
1035 1221 1127 1282 metui
1145 1235 1172 1268 10

81 1317 193 1390 volent,
214 1336 233 1375 a
251 1317 358 1393 quibus
375 1328 551 1391 metuentur,
572 1318 694 1377 eosdem
713 1329 847 1378 metuant
864 1317 919 1395 ipsi
936 1338 1057 1382 necesse
1073 1323 1125 1378 est

81 1461 106 1488 ,⁵
120 1447 168 1488 ,en
185 1448 295 1490 ,s„d„„
336 1431 381 1492 25.
434 1415 516 1490 Quid
543 1414 624 1474 enim
652 1434 808 1475 censemus
836 1415 1016 1492 superiorem
1043 1415 1126 1474 illum

81 1499 131 1539 ‘¹³²¹
140 1499 241 1550 Ty‘fflss’
337 1511 522 1590 Dionysium,
535 1530 595 1587 quo
616 1511 747 1571 cruciatu
768 1511 881 1572 timoris
905 1512 973 1589 angi
998 1511 1125 1584 solitum,

81 1607 134 1684 qui
149 1610 260 1669 cultros
276 1619 413 1668 metuens
432 1607 579 1668 tonsorios
596 1609 743 1668 candente
762 1610 890 1670 carbone
910 1609 966 1669 sibi
984 1610 1126 1673 adurebat

80 1704 245 1781 capillum?
277 1704 350 1781 quid
377 1705 579 1763 Alexandrum
608 1706 779 1779 Pheraeum,
800 1725 861 1782 quo
888 1705 989 1766 animo
1020 1705 1168 1772 vixisse15

56 1802 277 1863 arbitramur?
299 1796 363 1878 qui,
385 1812 418 1862 ut
439 1801 579 1879 scripturn
600 1802 732 1879 legimuS,
758 1823 827 1862 curn
855 1822 977 1863 uxorem
1001 1803 1126 1864 Theben

81 1899 247 1958 admodum
273 1899 415 1976 diligeret,
438 1909 539 1959 tamen
566 1899 695 1959 adeam
722 1918 759 1958 ex
784 1898 878 1976 epulis
903 1899 934 1958 in
956 1899 1125 1959 cubiculum

80 1995 204 2055 veniens
225 1995 380 2055 barbarum
400 2005 431 2055 et
451 2015 521 2055 eum
542 1994 673 2072 quidem,
690 2005 723 2054 ut
737 1995 878 2072 scriptum
897 2006 950 2068 est,
966 2015 1126 2073 compunc-

80 2103 146 2150 tum
166 2091 246 2151 notis
254 2093 404 2154 Thraeciis
415 2091 554 2152 destricto
575 2091 674 2168 gladio
693 2091 815 2151 iubebat
833 2090 1125 2169 anteirepraemitte-

80 2187 193 2264 batque
208 2189 246 2246 de
266 2187 454 2264 stipatoribus
473 2187 533 2246 suis
548 2187 600 2263 qui
619 2197 814 2247 scmtarentur
833 2189 946 2247 arculas
967 2188 1123 2249 muliebres
1137 2207 1168 2240 το

79 2293 111 2343 et
134 2285 271 2360 nequod
285 2283 316 2341 in
330 2282 512 2343 vestimentis
527 2284 620 2343 telum
639 2284 834 2343 occultaretur
859 2283 1051 2359 exquirerent.
1095 2287 1122 2346 0

80 2379 230 2453 miserum,
259 2379 310 2456 qui
337 2378 501 2439 fideliorem
523 2390 553 2439 et
577 2379 733 2439 barbarum
760 2389 790 2439 et
812 2378 989 2456 stigmatiam
1007 2391 1123 2457 putaret

80 2495 171 2553 quam
199 2475 373 2552 coniugem!
415 2475 482 2534 Nec
508 2494 578 2535 eum
606 2473 724 2536 fefellit:
752 2475 791 2534 ab
818 2494 854 2534 ea
880 2485 925 2535 est
952 2475 1032 2535 enim
1059 2474 1122 2553 ipsa
1157 2469 1172 2506 ’·

80 2583 201 2650 propter
216 2570 377 2649 paelicatus
398 2570 594 2649 suspitionem
612 2569 789 2632 interfectus.
833 2573 898 2631 Nec
914 2590 983 2631 vero
1000 2573 1060 2630 ulla
1078 2571 1121 2632 vis

80 2667 196 2746 imperii
216 2677 299 2727 tanta
318 2676 372 2738 est,
398 2684 475 2741 quae
498 2675 651 2741 premente
675 2675 756 2726 metu
775 2664 868 2742 possit
890 2684 954 2726 esse
973 2665 1118 2728 diuturna
1135 2682 1164 2730 25

82 2767 127 2824 26.
170 2761 269 2824 Testis
290 2772 334 2821 est
355 2761 495 2832 Phalaris,
520 2760 605 2821 cuius
625 2772 670 2821 est
690 2771 806 2837 praeter
826 2772 940 2821 ceteros
968 2761 1121 2822 nobilitata

80 2860 247 2933 crudelitas,
270 2857 320 2934 qui
340 2876 402 2917 non
422 2875 460 2916 ex
480 2855 592 2916 insidiis
611 2855 728 2930 interiit,
751 2867 784 2917 ut
800 2856 824 2916 is
842 2876 931 2933 quem
947 2859 1039 2918 modo
1060 2858 1121 2920 dixi

81 2958 259 3029 Alexander,
289 2975 350 3015 non
377 2973 395 3014 a
422 2953 523 3030 paucis
551 2964 583 3013 ut
604 2953 654 3013 hic
681 2965 788 3027 noster,
813 2955 866 3014 sed
888 2955 919 3014 in
941 2974 1031 3032 quem
1058 2955 1121 3015 uni·

80 3074 163 3116 versa
176 3051 436 3132 Agrigentinorum
454 3049 614 3110 multitudo
633 3050 777 3127 impetum
790 3050 866 3112 fecit.
910 3051 1014 3127 Quid?
1055 3054 1119 3117 Ma-

80 3153 210 3214 cedones
237 3167 338 3208 nonne
367 3146 552 3208 Demetrium
584 3147 766 3223 reliquerunt
794 3147 981 3224 universique
1014 3167 1046 3210 se
1079 3150 1119 3208 ad
1132 3162 1173 3211 30.

330 3245 472 3320 Pyrrhum
486 3245 695 3305 contulerunt?
729 3243 832 3321 Quid?
866 3242 1117 3305 Lacedaemonios
1217 3282 1219 3286 ν

81 3348 225 3395 uosstates
239 3345 291 3386 weh
329 3340 435 3400 iniuste
459 3339 628 3418 imperantis
655 3359 755 3401 nonne
782 3352 903 3419 repente
927 3361 1030 3402 omnes
1057 3344 1117 3403 sere

80 3396 295 3441 ”Lacedaemonand

81 3450 139 3541 {gg
172 3447 237 3538 {¹¹2²}
254 3446 291 3536 3}ss
329 3437 402 3497 socii
437 3438 629 3499 deseruerunt
665 3449 904 3516 spectatoresque
938 3459 970 3500 se
1006 3437 1116 3499 otiosos

33 3549 71 3604 '111
81 3557 192 3600 sanem
209 3546 235 3588 of
254 3545 291 3586 the
328 3533 526 3611 praebuerunt
549 3532 721 3595 Leuctricae
752 3534 948 3598 calamitatis?
989 3537 1117 3596 Externa

126 3754 196 3804 ahis
212 3755 248 3812 St,
262 3753 292 3801 ils
311 3753 348 3800 Or
360 3753 401 3800 Ba
414 3752 493 3800 Ileine
505 3753 547 3800 Lu
582 3755 591 3809 ll
628 3766 657 3815 ²3
673 3752 726 3818 ipse
740 3769 795 3801 cum
808 3752 871 3801 codrl.
887 3754 918 3802 St
936 3753 1038 3818 ‘opponi
1049 3750 1117 3804 enim

79 3832 538 3900 dominumpotentnsimumimbmtlae
545 3832 659 3888 mulieri’
695 3840 706 3900 ll
743 3851 775 3905 24
786 3836 910 3906 pelicatus
921 3837 964 3890 llo
975 3838 1019 3890 Lu
