2512 4192
86 173 100 229 Ι
116 186 170 228 xm
189 166 259 250 149]
402 177 544 228 externam
564 171 675 245 specim
692 171 813 246 pertinet
1095 188 1130 248 53

107 375 149 415 We
166 375 244 416 smum
260 376 297 416 ομ
339 361 440 404 eorum
461 354 529 418 apte
550 344 609 414 fiat,
633 342 705 420 quid
725 344 764 402 ab
783 342 881 402 officio
896 354 1061 421 naturaque
1076 346 1133 405 dis·

83 426 299 526 ffiffilssffi
339 449 449 516 crepet.
492 440 562 512 Quo
584 437 616 498 in
635 457 741 516 genere
758 457 819 497 uon
838 449 883 498 est
899 437 1122 501 incommodum

83 526 298 619 ᾗζζζζὲζξξάοῑξζ
339 539 425 615 quale
443 537 573 614 quidque
588 557 691 597 eorum
708 536 755 610 sit,
774 555 811 596 ex
829 536 893 596 aliis
907 535 1046 611 iudicare,
1061 549 1094 598 ut
1108 539 1132 598 si

82 628 165 674 ’ἀνθεῖ
338 634 411 710 quid
435 633 579 694 dedeceat
599 632 629 693 in
651 632 707 692 illis
731 632 856 693 vitemus
877 631 941 709 ipsi.
984 634 1031 693 Fit
1052 633 1131 694 enirn

80 726 185 788 nescio
200 731 352 805 quomodo
366 740 400 791 ut
418 729 512 808 magis
531 730 562 789 in
579 729 643 789 aliis
662 749 816 790 cernamus
831 749 921 806 quam
937 728 967 788 in
982 730 1130 791 nobismet
1161 748 1174 796 5

79 822 161 900 ipsis
177 823 203 884 si
217 823 290 901 quid
304 825 491 904 delinquitur.
536 829 642 903 Itaque
661 826 799 886 facillime
823 826 1006 902 corriguntur
1025 828 1056 887 in
1076 828 1132 888 dis-

77 922 190 995 cend0‚
223 940 349 999 quorum
376 924 447 985 vitia
478 923 630 984 imitantur
659 923 839 984 emendandi
870 944 960 983 causa
990 925 1129 1003 magistri.

80 1063 170 1105 andask
178 1062 297 1106 theadvioe
338 1034 403 1095 147.
423 1023 489 1081 Nec
502 1040 573 1080 vero
586 1020 718 1079 alienum
732 1029 777 1079 est
792 1020 833 1078 ad
847 1038 882 1078 ea
896 1019 1039 1096 eligenda,
1053 1038 1129 1097 quae

80 1115 298 1176 ⁰st¹1>t¹³0¹¹⁰0d1³0r
336 1118 553 1178 dubitationem
568 1121 703 1191 afferunt,
719 1117 860 1178 adhibere
876 1119 980 1178 doctos
994 1119 1130 1180 homines

81 1179 131 1206 sons
152 1178 174 1206 m
195 1179 254 1206 cases
275 1166 300 1206 os

80 1215 148 1256 <¹⁰⁰¹st
171 1216 237 1257 ³b011‘
260 1215 296 1256 ²¹¹0
333 1216 381 1274 vel
403 1215 493 1274 etiam
517 1233 573 1274 usu
594 1214 705 1292 peritos
728 1225 757 1274 et
790 1213 863 1291 quid
884 1214 920 1274 iis
948 1216 986 1274 de
1010 1235 1129 1292 quoque
1145 1243 1173 1277 10

80 1267 229 1316 performauce
246 1267 270 1307 os
283 1280 297 1307 a
404 1310 420 1322 ..
805 1310 810 1322 ⁸
984 1311 990 1322 ‚
1091 1312 1097 1322 ¹

80 1317 142 1367 uua,
334 1313 422 1371 officu
443 1330 549 1387 genere
572 1313 688 1388 placeat
722 1331 884 1388 exquirere.
928 1313 1026 1372 Maior
1051 1331 1130 1372 emm

80 1425 149 1484 pars
172 1415 211 1468 eo
235 1409 295 1468 fere
317 1407 422 1468 deferri
444 1408 525 1484 solet,
544 1427 604 1485 quo
628 1426 647 1467 a
667 1418 772 1468 natura
795 1407 860 1484 ipsa
884 1408 1045 1468 deducitur.
1092 1411 1129 1467 In

80 1504 190 1582 quibus
209 1504 373 1564 videndum
394 1514 438 1564 est
458 1524 520 1564 non
542 1505 635 1564 modo
657 1503 730 1580 quid
754 1504 880 1580 quisque
907 1505 1052 1580 loquatur,
1076 1506 1129 1566 sed

80 1601 172 1662 etiam
187 1601 261 1678 quid
279 1601 403 1677 quisque
423 1599 529 1660 sentiat
548 1612 637 1678 atque
656 1601 745 1661 etiam
764 1621 824 1677 qua
843 1603 881 1661 de
899 1620 988 1661 causa
1002 1601 1128 1679 quisque

82 1698 198 1758 sentiat.
243 1699 287 1758 Ut
305 1697 385 1775 enim
403 1697 530 1774 pictores
552 1707 580 1757 et
599 1696 620 1756 ii
639 1696 690 1774 qui
708 1697 791 1773 signa
809 1696 989 1757 fabricantur
1011 1708 1040 1758 et
1058 1717 1128 1757 vero
1143 1716 1170 1764 15

82 1794 173 1855 etiam
192 1795 300 1870 po'e'tae
319 1813 404 1852 suum
422 1794 547 1870 quisque
568 1813 642 1871 opus
663 1814 681 1853 a
697 1795 788 1870 vulgo
801 1793 980 1854 considerari
997 1796 1067 1867 vult,
1086 1806 1127 1867 ut,

83 1888 193 1966 siquid
206 1891 415 1965 reprehensum
430 1889 468 1949 sit
481 1910 500 1949 a
512 1890 653 1966 pluribus
665 1889 697 1949 id
710 1889 876 1967 corrigatur,
892 1889 972 1966 iique
986 1901 1016 1950 et
1026 1910 1127 1950 secum

82 1999 113 2048 et
136 1989 177 2048 ab
199 1986 264 2046 aliis
285 1987 359 2064 quid
380 1987 411 2045 in
433 2006 470 2048 eo
493 1996 650 2063 peccatum
674 1987 711 2045 sit
736 1986 912 2062 exquirunt:
939 1986 981 2045 sic
1003 1986 1127 2046 aliorum

80 2084 194 2145 iudicio
208 2085 354 2160 permulta
373 2085 460 2144 nobis
474 2096 505 2145 et
518 2084 654 2144 facienda
673 2095 703 2144 et
717 2104 779 2144 non
793 2083 929 2144 facienda
941 2094 972 2144 et
985 2086 1127 2144 mutanda

81 2196 298 2296 meroreqlqrrrggquss
336 2192 365 2242 et
393 2181 566 2258 conigenda
593 2193 669 2242 sunt.
719 2183 783 2254 148.
827 2183 914 2256 Quae
940 2200 1010 2241 vero
1044 2201 1126 2242 more
1141 2207 1172 2242 20

82 2297 152 2347 points
169 2297 247 2337 senua
268 2297 298 2347 by
335 2290 460 2354 agentur
479 2277 680 2354 institutisque
701 2277 843 2351 civilibus,
873 2278 911 2337 de
932 2277 966 2337 iis
987 2277 1060 2337 nihil
1082 2288 1126 2337 est

83 2347 223 2388 Customand
231 2347 297 2393 Rule;
425 2373 431 2386 .
457 2372 463 2384 .
635 2373 641 2384 .
737 2372 743 2384 .
793 2373 799 2385 .

81 2396 296 2446 immorantes,
335 2375 578 2451 praecipiendum
593 2395 601 2435 r
633 2375 682 2432 illa
696 2393 776 2433 emm
791 2392 856 2451 ipsa
869 2385 1026 2451 praecepta
1040 2385 1108 2434 sunt
1116 2396 1125 2449 ;

81 2448 162 2498 though
171 2447 297 2488 overlooked
864 2471 870 2483 .
1118 2473 1125 2484 .

80 2497 297 2553 ammomum.
335 2491 392 2531 nec
408 2490 589 2547 quemquam
608 2471 668 2532 hoc
688 2491 784 2532 errore
803 2473 873 2531 duct
893 2483 1018 2548 oportet,
1040 2484 1082 2546 ut,
1102 2492 1127 2531 s1

79 2557 171 2639 {¹12⁰ssOE
212 2556 299 2638 ιᾷζῖἷξ
338 2566 411 2645 quid
438 2568 572 2627 Socrates
599 2578 650 2627 aut
676 2566 842 2645 Aristippus
877 2579 980 2628 contra
1014 2587 1127 2629 morem

79 2648 225 2740 ζζῃξῐῶωγ
245 2661 293 2699 ⁹²²⁸
332 2665 641 2741 consuetudinemque
654 2664 772 2724 civilem
786 2663 908 2725 fecerint
918 2664 1046 2725 locutive
1061 2665 1127 2740 sint,
1140 2689 1169 2738 25

80 2767 161 2828 idem
180 2765 238 2826 sibi
257 2764 411 2825 arbitretur
429 2763 538 2823 licere:
573 2762 687 2837 magnis
706 2761 749 2822 illi
769 2773 797 2822 et
816 2761 923 2821 divinis
942 2762 1029 2823 bonis
1050 2764 1128 2823 hanc

80 2863 232 2924 licentiam
249 2861 490 2939 assequebantur.
535 2860 716 2936 Cynicorum
732 2878 802 2919 vero
819 2858 893 2918 ratio
914 2869 977 2920 tota
996 2870 1040 2920 est
1060 2859 1127 2920 eici·

79 2963 178 3024 enda:
206 2971 251 3020 est
271 2959 352 3020 enim
375 2957 497 3017 inimica
518 2955 722 3029 verecundiae,
746 2954 809 3017 sine
833 2975 894 3032 qua
915 2955 989 3015 nihil
1014 2968 1127 3017 rectum

81 3090 148 3134 nura
164 3091 230 3132 about
245 3103 294 3141 pm,
333 3071 397 3114 esse
410 3063 518 3129 potest,
534 3051 607 3110 nihil
621 3005 898 3135 honestum.)(149.
943 3052 1003 3110 Eos
1017 3061 1125 3125 autem,

79 3143 295 3234 ffi‘ytgfvssffgfflss
332 3168 458 3226 quorum
476 3149 537 3209 vita
554 3159 709 3227 perspecta
726 3147 758 3208 in
779 3149 867 3208 rebus
886 3149 1018 3210 honestis
1037 3160 1126 3228 atque
1139 3163 1170 3212 30

80 3244 144 3285 ’Μ
331 3246 445 3324 magnis
466 3257 519 3320 est,
548 3248 626 3307 bene
650 3247 689 3306 de
709 3264 741 3304 re
761 3245 880 3322 publica
903 3245 1064 3307 sentientes
1090 3267 1126 3308 ac

79 3343 300 3406 benemeritos
320 3353 371 3404 aut
388 3354 535 3404 merentes
555 3343 605 3416 sic,
628 3353 662 3402 ut
679 3343 780 3419 aliquo
800 3345 915 3404 honore
935 3354 985 3403 aut
999 3343 1124 3421 imperio

79 3444 211 3514 affectos,
234 3443 390 3502 observare
411 3451 441 3500 et
457 3442 555 3500 colere
573 3441 725 3513 debemus,
747 3438 874 3500 tribuere
891 3439 979 3500 etiam
999 3442 1126 3500 multum

79 3538 233 3611 senectuti,
255 3537 361 3597 cedere
382 3535 418 3596 iis
437 3535 489 3612 qui
508 3535 712 3611 magistratum
729 3536 892 3610 habebunt,
912 3535 1021 3597 habere
1038 3536 1125 3596 dilec-

78 3648 143 3696 tum
167 3634 239 3695 civis
267 3645 297 3695 et
318 3632 464 3710 peregrini
495 3631 527 3691 in
550 3631 676 3709 ipsoque
702 3631 857 3710 peregrino
883 3632 1058 3709 privatimne
1085 3653 1124 3692 an
1137 3639 1167 3692 35

131 3788 161 3835 18
177 3792 202 3835 et
213 3785 245 3834 ab
255 3785 310 3833 aliis
320 3785 361 3833 Ba
374 3783 454 3833 Heine
463 3782 504 3831 Lu
514 3796 569 3830 cum
580 3780 654 3831 codic
664 3797 687 3844 a,
702 3789 727 3832 et
739 3797 795 3832 cum
806 3781 928 3832 ι1ἱίεσιιιη
939 3787 990 3832 cett.
1003 3781 1070 3831 codd.
1083 3781 1132 3838 Or,

80 3873 106 3914 et
116 3879 147 3914 ex
157 3863 211 3912 aliis
224 3864 309 3924 (lacer
