2512 4192
85 157 122 215 28
420 157 596 216 Domarticae
603 156 791 232 fortitudines
975 152 1005 236 [I
1020 172 1078 216 xxi
1095 174 1129 234 73

81 321 295 414 ssdlgheerffiglffi
333 321 413 396 enim
433 322 517 383 aliter
535 333 587 382 aut
607 321 668 400 regi
688 320 790 381 civitas
810 331 862 381 aut
878 320 1021 382 declarari
1040 321 1128 382 animi

82 424 183 464 observed
192 424 221 474 br
229 423 293 464 them·
333 417 507 494 magnitudo
533 428 638 494 potest.
682 416 912 494 Capessentibus
939 428 1042 478 autern
1067 437 1129 478 rem

83 513 232 590 publicam
253 512 345 573 nihilo
365 513 462 573 minus
480 533 570 590 quam
589 513 781 591 philosophis,
799 514 882 574 haud
899 512 962 575 scio
983 533 1023 573 an
1041 515 1130 592 magis

83 608 182 683 etiam,
205 629 242 670 ea
264 609 482 687 magnificentia
505 620 535 670 et
557 609 750 687 despicientia
773 609 945 670 adhibenda
967 621 1013 670 est
1036 629 1130 670 rerum

84 706 287 779 humanarum,
310 725 400 782 quam
424 725 512 784 saepe
539 707 616 780 dico,
646 717 676 767 et
702 705 897 782 tranquillitas
924 705 1018 766 animi
1043 718 1130 784 atque
1155 736 1166 783 ⁵

84 801 231 875 securitas,
247 801 271 861 si
292 802 414 878 quidem
431 822 487 863 nec
507 802 586 890 anxii
599 801 689 862 futuri
703 813 814 863 suntet
828 822 898 862 cum
911 802 1053 879 gravitate
1065 822 1131 864 con·

71 898 248 982 ¹stantiaque
268 898 380 958 victuri.
432 915 478 975 73.
522 900 608 974 Quae
628 897 759 958 faciliora
777 908 846 968 sunt
861 897 1055 976 philosophis,
1073 918 1130 976 quo

83 993 181 1053 minus
198 995 290 1054 multa
308 1006 410 1072 patent
426 995 457 1055 in
475 1014 577 1055 eorum
596 994 664 1067 vita,
680 1013 757 1071 quae
777 996 896 1055 fortuna
913 994 1006 1069 feriat,
1021 1006 1051 1056 et
1072 1015 1130 1073 quo

84 1090 181 1150 minus
205 1091 303 1151 multis
324 1093 411 1152 rebus
432 1103 520 1168 egent
564 1102 595 1152 et
621 1090 700 1168 quia,
722 1089 747 1150 si
771 1090 845 1168 quid
864 1090 982 1151 adversi
1008 1091 1129 1165 eveniat,

83 1199 144 1246 tarn
170 1188 294 1264 graviter
319 1189 425 1248 cadere
453 1208 514 1248 non
534 1198 666 1264 possunt.
710 1186 858 1263 Quocirca
877 1206 939 1247 non
960 1186 1024 1248 sine
1045 1207 1131 1248 causa
1143 1217 1166 1251 ιο

83 1283 208 1343 maiores
222 1296 320 1344 motus
337 1284 502 1344 animorum
518 1283 703 1344 concitantur
720 1283 873 1359 maiorque
893 1302 965 1342 cura
985 1284 1131 1344 efficiendi

83 1399 146 1439 rem
171 1380 320 1456 publicam
347 1380 515 1456 gerentibus
543 1399 633 1456 quam
654 1379 771 1456 quietis,
800 1399 861 1456 quo
882 1379 976 1456 magis
996 1378 1033 1439 iis
1053 1400 1131 1458 mag·

84 1476 188 1537 nitudo
209 1487 253 1536 est
277 1476 368 1535 animi
395 1476 566 1537 adhibenda
592 1487 623 1536 et
649 1475 781 1535 vacuitas
808 1476 846 1535 ab
874 1475 1041 1552 angoribus.
1083 1477 1131 1537 Ad

92 1627 299 1677 Astatesmanought
336 1592 398 1632 rem
418 1575 579 1650 gerendam
599 1583 699 1632 autem
720 1571 772 1649 qui
792 1572 908 1633 accedit
927 1584 1032 1633 caveat
1047 1592 1086 1634 ne
1101 1572 1131 1634 id

83 1687 105 1718 to
119 1679 226 1728 provide
243 1691 297 1728 nro·
335 1671 428 1730 modo
448 1669 623 1743 consideret,
639 1689 729 1745 quam
748 1669 798 1728 illa
814 1688 861 1728 res
879 1670 1006 1730 honesta
1020 1669 1065 1744 sit,
1080 1670 1132 1730 sed
1144 1692 1166 1741 15

84 1742 128 1778 per
154 1741 240 1768 means
266 1729 299 1767 sor

84 1778 181 1828 carrying
193 1787 229 1818 out
242 1777 299 1826 right
336 1767 425 1826 etiam
451 1777 484 1826 ut
511 1767 618 1826 habeat
640 1765 787 1826 efficiendi
808 1768 996 1827 facultatem:
1023 1766 1055 1827 in
1074 1786 1131 1844 quo

84 1842 189 1868 mensures
196 1828 236 1867 and
244 1836 299 1867 must
338 1865 343 1876 ,

83 1879 144 1919 avoid
151 1878 298 1928 despondero
336 1885 400 1941 ipso
421 1864 669 1925 considerandum
690 1875 734 1924 est
753 1882 791 1924 ne
809 1875 860 1924 aut
873 1875 984 1924 temere
999 1865 1132 1945 desperet

84 1943 107 1968 as
122 1929 169 1968 well
185 1942 209 1968 as
225 1941 297 1968 exces·
464 1956 488 1973 ..
568 1960 574 1972 .
754 1959 760 1972 .
795 1959 801 1971 .

84 1978 263 2019 srveconfirenoe.
335 1973 454 2040 propter
479 1980 625 2038 ignaviam
653 1971 704 2019 aut
731 1979 818 2019 nimis
851 1961 983 2021 confidat
1016 1971 1132 2038 propter

84 2063 286 2139 cupiditatem.
319 2061 358 2119 In
369 2057 506 2119 omnibus
517 2069 616 2117 autem
627 2056 760 2133 negotiis,
772 2056 942 2133 priusquam
952 2056 1129 2135 adgrediare,

86 2160 255 2220 adhibenda
269 2169 313 2218 est
327 2153 509 2233 praeparatio
524 2153 655 2230 diligens.
664 2143 716 2229 Χ
1142 2174 1165 2208 ιο

48 2269 73 2317 11
116 2282 245 2333 superiority
279 2281 303 2321 os
400 2268 445 2325 74
488 2251 548 2309 Sed
568 2269 637 2309 cum
656 2249 788 2327 plerique
809 2248 984 2310 arbitrentur
1010 2270 1057 2311 res
1077 2252 1132 2311 bel·

88 2333 198 2424 {lffltsslssf
211 2333 302 2424 “¹332
339 2348 410 2408 licas
424 2345 549 2405 maiores
563 2365 628 2405 esse
646 2366 737 2422 quam
755 2347 890 2419 urbanas,
908 2346 1073 2407 minuenda
1090 2357 1132 2407 est

89 2434 113 2474 ⁰f
123 2433 165 2474 ‘¹¹³⁵
178 2434 207 2484 by
220 2447 233 2474 ³
245 2447 300 2473 ⁰⁰¹¹¹‘
338 2450 413 2508 haec
434 2446 544 2524 opinio.
589 2442 678 2504 Multi
698 2442 779 2502 enim
793 2443 871 2502 bella
884 2461 972 2519 saepe
987 2442 1133 2520 quaesive

103 2484 170 2524 arison
184 2485 208 2524 oi
218 2484 300 2524 histori-

89 2497 301 2626 {ffissfflgssggffs
337 2556 405 2605 runt
425 2553 544 2621 propter
562 2539 671 2618 gloriae
698 2537 899 2614 cupiditatem,
927 2548 1019 2615 atque
1046 2538 1079 2599 id
1103 2536 1132 2598 in

89 2635 227 2686 withsoror,
338 2642 451 2719 magnis
472 2637 577 2699 animis
598 2633 780 2713 ingeniisque
801 2635 975 2718 plerumque
991 2633 1132 2712 contingit
1141 2656 1164 2704 ²5

88 2756 184 2814 eoque
205 2739 306 2817 magis,
321 2739 346 2799 si
366 2749 434 2798 sunt
448 2737 487 2797 ad
500 2754 562 2795 rem
576 2733 731 2793 militarem
744 2730 806 2808 apti
821 2727 862 2810 [et
875 2729 978 2807 cupidi
990 2731 1132 2793 bellorum

89 2833 304 2916 gerendorum}
339 2838 417 2895 Vere
432 2844 532 2893 autem
545 2830 570 2890 si
583 2832 719 2890 volumus
733 2827 872 2900 iudicare,
883 2829 994 2888 multae
1007 2847 1054 2889 res
1068 2826 1134 2889 exti-

89 2944 186 2992 terunt
199 2933 329 2993 urbanae
342 2930 467 2991 maiores
481 2926 675 3002 clarioresque
689 2944 779 3002 quam
790 2923 919 2984 bellicae.
955 2937 1002 3000 75.
1025 2925 1134 3000 Quam·

88 3029 133 3090 vis
154 3029 234 3090 enim
253 3026 469 3088 Themistocles
490 3024 552 3084 iure
571 3024 708 3082 laudetur
728 3031 757 3080 et
778 3019 815 3080 sit
835 3019 897 3080 eius
916 3038 1029 3081 nomen
1046 3039 1133 3099 quam

89 3125 206 3186 Solonis
223 3123 361 3184 illustrius
381 3123 545 3198 citeturque
562 3116 685 3180 Salamis
701 3115 878 3176 clarissimae
892 3115 974 3176 testis
987 3116 1167 3190 victoriae,3o

89 3239 166 3297 quae
175 3230 369 3298 anteponatur
376 3218 500 3280 consilio
508 3214 624 3278 Solonis
633 3214 661 3275 ei
675 3233 735 3290 quo
746 3212 873 3290 primum
883 3212 1037 3274 constituit
1046 3217 1134 3274 Areo

87 3318 210 3397 pagias,
225 3336 286 3377 non
300 3315 397 3375 minus
411 3315 592 3391 praeclarum
606 3312 664 3371 hoc
678 3329 769 3388 quam
782 3309 856 3369 illud
869 3308 1065 3370 iudicandum
1083 3321 1132 3373 est.

88 3412 171 3475 Illud
191 3413 271 3474 enim
291 3413 382 3472 semel
402 3409 519 3487 profuit,
541 3409 600 3469 hoc
624 3426 739 3484 semper
764 3404 895 3483 proderit
920 3405 1050 3471 civitati:
1077 3407 1134 3467 hoc

139 3545 153 3592 3
175 3526 237 3577 nihil
254 3524 336 3574 minus
353 3525 376 3574 Z
395 3523 504 3586 Madvig
518 3537 574 3571 cum
592 3521 658 3570 codd.
694 3523 703 3577 ΙΙ
739 3535 801 3582 4ea
824 3518 881 3583 (pro
899 3519 935 3580 et)
951 3519 1133 3584 magnificentia

85 3605 198 3672 Madvig
209 3607 326 3671 quomam
340 3604 467 3667 diremptio
479 3601 676 3666 magnificentiae
689 3607 714 3650 et
727 3599 902 3664 despicientiae
912 3599 1005 3664 duplici
1014 3608 1040 3651 et
1051 3609 1133 3666 pravo

83 3689 121 3736 sit
157 3695 166 3750 ss
201 3688 342 3739 adhibenda
353 3693 390 3736 est
402 3685 459 3749 (pro
470 3684 512 3745 sit)
523 3685 564 3734 Ba
569 3689 627 3748 post
637 3682 786 3731 Munatium
796 3681 876 3730 Heine
887 3681 928 3730 Lu
964 3684 974 3740 ΙΙ
1011 3681 1044 3732 26
1060 3682 1133 3732 Verba

84 3777 113 3818 et
124 3772 210 3837 cupidi
225 3769 348 3819 bellorum
363 3766 526 3831 gerendorum
541 3779 554 3813 e
569 3763 682 3825 margiru
695 3762 817 3830 irrepsisse
831 3761 923 3810 iudicat
936 3761 977 3810 Ba
991 3769 1047 3826 post
1056 3764 1132 3827 Saup-

70 3851 157 3908 stum
156 3852 283 3919 probante
290 3848 387 3909 Helm
403 3844 486 3896 callidi
491 3851 540 3911 pro
550 3842 635 3909 cupidi
644 3842 773 3891 coniscerat
784 3842 803 3890 I
811 3841 836 3890 F
844 3841 981 3904 Heusinger
