2512 4192
110 150 167 204 104
372 135 422 194 De
439 135 604 196 contentione
621 137 743 197 Honesti
760 143 787 197 et
812 139 898 198 wate
995 137 1097 221 [111v
1112 158 1148 223 ²3

106 317 168 358 non
188 312 370 377 repugnante
392 314 507 366 natura:
529 305 602 366 illud
623 318 728 366 natura
749 327 810 367 non
831 308 947 385 patitur,
963 320 997 370 ut
1020 307 1146 369 aliorum

106 394 207 472 spoliis
225 408 338 457 nostras
356 399 517 473 facultates,
531 401 638 478 copiae,
654 422 725 480 opes
747 424 912 481 augeamus
959 426 1006 482 23·
1039 408 1147 482 Neque

106 523 136 573 (a)
146 523 219 583 hythe
228 525 323 567 Lamos
356 515 426 556 vero
440 498 497 558 hoc
511 501 607 559 solum
621 512 733 574 natura,
748 501 780 562 id
798 513 842 562 est
860 503 922 563 iure
936 503 1081 582 gentium,
1096 503 1151 564 sed

106 575 305 625 parncularsatee
358 593 447 655 etiam
481 596 593 673 legibus
620 600 806 674 populorum,
835 600 942 676 quibus
970 600 1002 660 in
1030 600 1152 678 singulis

106 689 271 752 civitatibus
294 712 341 752 res
364 691 483 770 publica
505 692 679 766 continetur,
705 695 813 754 eodem
836 696 929 755 modo
953 696 1151 757 constitutum
1179 731 1185 778 ε

106 797 159 859 est,
175 797 207 847 ut
221 807 282 848 non
295 787 382 848 liceat
396 788 441 848 sui
455 789 606 849 commodi
624 808 714 850 causa
727 810 834 851 nocere
847 792 937 853 alteri
981 795 1056 853 Hoc
1069 791 1151 853 enim

106 895 240 960 spectant
260 887 348 962 leges,
369 885 428 945 hoc
447 887 559 958 volunt,
580 885 761 947 incolumem
781 907 845 948 esse
872 888 982 948 civium
1010 888 1152 949 coniunc-

106 977 226 1055 tionem,
259 1000 349 1057 quam
376 981 428 1058 qui
449 981 597 1056 dirimunt,
618 1001 670 1042 eos
691 994 786 1043 morte
806 983 900 1056 exilio,
912 984 1017 1046 vinclis
1039 987 1151 1046 damno

201 1155 206 1166 .
230 1155 235 1166 ι
355 1083 500 1139 coercent
509 1063 529 1171 s
543 1082 643 1156 Atque
663 1081 721 1140 hoc
745 1083 839 1140 multo
859 1081 952 1159 magis
973 1082 1064 1143 efficit
1084 1081 1149 1161 ipsa

105 1154 319 1258 beffitnssssssffi‘.
358 1189 478 1238 naturae
499 1177 582 1252 r‘atio,
601 1190 739 1254 quaeest
760 1181 808 1240 lex
825 1180 926 1240 divina
946 1192 977 1241 et
997 1182 1185 1241 humanata

105 1255 319 1357 {fizt‘gsp‘gsssssse'ssfig
355 1276 405 1335 cui
431 1295 532 1353 parere
559 1275 611 1352 qui
637 1276 851 1338 velit—omnes
871 1290 972 1339 autem
992 1279 1149 1356 parebunt,

105 1355 319 1448 {ffigfflffimssg
356 1372 407 1449 qui
434 1373 598 1433 secundum
626 1383 758 1432 naturam
784 1376 887 1434 volent
912 1374 1011 1436 vivere
1019 1395 1151 1436 -num·

106 1456 318 1508 metymnaeum-
356 1489 446 1546 qnam
480 1469 644 1530 committet
677 1480 711 1530 ut
744 1470 872 1530 alienum
900 1483 1022 1548 appetat
1049 1484 1080 1534 et
1107 1471 1149 1544 id,

106 1516 192 1546 counter
213 1507 266 1548 risks
287 1508 319 1548 sor

105 1556 319 1649 {fl{„⁵}{,‘}2{3{“253⁵5
358 1567 440 1643 quod
459 1565 543 1627 alteri
563 1565 728 1638 detraxerit,
744 1566 799 1626 sibi
812 1569 958 1629 adsumat.
964 1538 1006 1642 s
1004 1589 1051 1643 24.
1081 1572 1149 1631 Ete

104 1658 320 1750 {vfmffiss'ss‘tffi
357 1663 419 1722 nim
438 1665 533 1722 multo
552 1662 645 1740 magis
664 1674 708 1723 est
722 1665 887 1724 secundum
901 1677 1038 1727 naturam
1052 1671 1147 1729 excel·
1162 1688 1185 1738 ¹5

104 1757 229 1809 'dvamsst
356 1761 426 1821 sitas
444 1760 535 1820 animi
554 1772 583 1820 et
602 1761 775 1838 magnitudo
793 1761 925 1840 itemque
939 1764 1074 1838 comitas,
1089 1766 1147 1827 ius·

103 1859 175 1933 titia,
195 1859 352 1939 liberalitas
371 1878 461 1937 quam
471 1860 616 1934 voluptas,
632 1858 800 1934 quamvita,
816 1878 906 1943 quarn
920 1860 1056 1922 divitiae:
1069 1883 1147 1940 quae

0 1952 56 2004 tc*
104 1957 225 2033 quidem
240 1956 441 2029 (contemneret
458 1966 488 2014 et
509 1973 563 2030 pro
585 1953 681 2014 nihilo·
699 1955 806 2041 ducere
815 1942 1060 2041 Qum
1076 1978 1146 2020 cum

102 2053 227 2114 utilitate
245 2052 397 2113 communi
416 2050 515 2128 magni
533 2049 624 2109 animi
643 2060 672 2110 et
686 2051 794 2110 excelsi
808 2063 860 2112 est.
902 2050 1081 2133 [Detrahere
1094 2076 1145 2116 au-

102 2162 163 2212 tem
188 2152 226 2212 de
246 2153 338 2212 altero
359 2149 403 2210 sui
423 2148 574 2211 commodi
594 2167 684 2207 causa
707 2149 798 2226 magis
820 2161 866 2210 est
879 2163 989 2212 -contra
1009 2165 1143 2216 naturam
1156 2173 1185 2209 ro

90 2269 192 2343 squam
213 2267 302 2322 mors,
317 2267 407 2330 quam
427 2248 520 2318 dolor,
536 2265 626 2322 quam
640 2257 737 2306 cetera
756 2247 871 2323 generis
891 2247 1050 2332 eiusdem]
1094 2270 1141 2330 25.

83 2356 91 2391 -'
101 2349 240 2425 Itemque
258 2347 350 2424 magis
369 2345 596 2407 est‘secundum
613 2355 748 2405 naturam
764 2365 818 2422 pro
837 2345 974 2408 omnibus
994 2350 1141 2428 gentibus,

102 2444 127 2505 si
154 2445 216 2506 fieri
242 2442 580 2523 possiumsconservandis
607 2455 657 2502 aut
685 2441 820 2502 iuvandis
851 2444 997 2506 maximos
1024 2448 1140 2510 labores

101 2524 473 2618 molestiasquelsunciperd
484 2539 647 2599 imitantem
662 2542 824 2600 Herculem
838 2540 930 2615 illum,
945 2560 1036 2618 quem
1050 2543 1142 2605 homi-

101 2658 171 2698 num
183 2641 261 2698 sama
271 2637 480 2699 beneficiorum
491 2655 604 2697 memor
614 2636 645 2695 in
655 2636 782 2696 concilio
793 2636 964 2698 caelestium
975 2640 1139 2712 collocavit,
1152 2657 1177 2707 ²5

101 2754 191 2812 quam
212 2735 309 2796 vivere
330 2734 361 2793 in
383 2733 541 2794 solitudine
563 2734 738 2793 non‘modo
760 2732 824 2792 sine
845 2733 911 2793 ullis
930 2735 1075 2796 molestiis
1087 2739 1139 2798 sed

99 2831 187 2892 etiam
202 2831 232 2890 in
246 2831 380 2890 maximis
393 2830 591 2907 voluptatibus
614 2830 815 2890 abundantem
834 2829 972 2891 omnibus
989 2832 1093 2910 copiis,
1107 2843 1139 2893 nt

98 2929 224 2988 excellas
238 2927 326 2989 etiam
341 2927 558 3004 pulchritudine
572 2937 601 2986 et
614 2925 730 2986 viribus„
738 2932 758 3023 f
774 2926 921 3002 Quocirca
934 2927 1050 3004 optimo
1064 2929 1139 3007 quia

99 3042 158 3100 que
172 3034 201 3084 et
215 3023 453 3101 splendidissimo
464 3022 582 3101 ingenio
596 3022 682 3100 longe
693 3023 773 3082 illam
786 3022 877 3082 vitam
891 3023 960 3083 huic
974 3025 1135 3103 anteponit.

100 3121 146 3178 Ex
160 3139 219 3196 quo
233 3120 357 3180 efficitur
375 3120 528 3180 hominem
542 3131 662 3179 naturae
676 3119 884 3180 oboedientem
899 3120 1014 3181 homini
1029 3141 1135 3183 nocere
1149 3132 1174 3182 3⁰

124 3235 312 3279 newhoacnon
349 3232 410 3272 non
424 3232 518 3289 posse.
563 3214 608 3271 26.
642 3213 760 3272 Deinde
779 3212 830 3288 qui
845 3214 970 3273 alterum
987 3213 1087 3288 violat,
1105 3227 1136 3276 ut

98 3297 192 3377 ffl‘ss
200 3286 311 3378 Efflffi
349 3309 411 3386 ipse
425 3310 537 3388 aliquid
550 3310 702 3370 commodi
720 3321 925 3386 consequatur,
940 3323 992 3372 aut
1006 3312 1080 3374 nihil
1092 3333 1136 3375 ex·

96 3387 310 3478 Xss'ihssesffssfflff
348 3405 456 3468 istimat
470 3426 502 3467 se
516 3407 610 3467 faeere
625 3417 728 3468 contra
745 3419 880 3468 naturam
893 3419 945 3469 aut
958 3409 1054 3487 magis
1065 3409 1136 3489 fugi·

145 3581 159 3630 3
176 3575 263 3617 natura
279 3575 304 3618 et
320 3570 372 3618 iure
391 3569 428 3619 Or
442 3569 479 3617 Be
494 3568 583 3617 innitar
598 3568 662 3618 codd.
701 3571 710 3627 ΙΙ
748 3569 777 3618 18
799 3569 963 3619 communitas
982 3572 1007 3620 Z
1019 3573 1069 3622 atii
1081 3566 1135 3623 aem

97 3654 227 3703 nonnullis
238 3653 310 3713 codd„
332 3652 364 3716 cſs
385 3654 399 3713 ἕ
420 3655 465 3702 118
501 3656 512 3711 ΙΙ
550 3665 578 3714 19
601 3652 772 3717 Hmsingerm
790 3661 873 3703 autern
893 3655 1003 3705 mutavr't
1016 3654 1046 3705 in
1060 3658 1135 3723 ergo't

96 3741 174 3783 totum
183 3735 261 3784 locum
272 3734 399 3783 detrahere
409 3733 633 3784 autem...eiusdem
644 3735 741 3784 seclusit
751 3736 792 3784 Ba
804 3743 832 3784 ut
843 3737 877 3795 e§
889 3751 918 3787 ar
927 3736 1093 3789 imm:
1104 3738 1134 3789 f!

90 3816 249 3877 susannam
266 3821 394 3865 vocaverat
412 3815 464 3864 tum
485 3814 638 3864 Facciolotus
683 3819 695 3875 ll
739 3832 770 3881 33
787 3815 904 3881 fugienda
922 3816 956 3869 Bt

76 3897 181 3960 aliquot
187 3899 253 3961 codd,
268 3899 417 3967 fugiendam
426 3899 502 3967 vulgo
513 3900 556 3951 Lu
