2512 4192
78 153 94 212 1
110 169 182 210 xxrr
199 149 250 233 78]
421 156 597 214 Domesticae
604 156 793 232 fortitudines
1093 181 1129 237 ²9

77 320 204 381 consilio
224 323 303 399 leges
321 323 556 394 Atheniensium,
572 326 629 385 hoc
650 326 795 386 maiorum
816 326 949 387 instituta
969 343 1126 392 servantur.

79 419 119 476 Et
139 417 358 478 Themistocles
379 419 500 495 quidem
522 420 594 481 nihil
615 422 729 495 dixerit,
744 422 775 481 in
790 434 849 498 quo
863 422 927 500 ipse
939 427 1129 504 Areopagum

78 513 233 588 adiuverit,
255 514 354 574 atille
374 535 442 575 vere
462 518 499 577 ab
514 537 545 578 se
559 519 693 578 adiutum
707 519 939 579 Themistoclem
948 541 958 594 ;
985 534 1030 583 est
1050 523 1128 583 enim

78 611 191 670 bellum
205 622 320 688 gestum
335 611 459 672 consilio
473 626 592 673 senatus
612 614 684 687 eius,
707 614 758 691 qui
777 635 796 674 a
816 617 925 677 Solone
945 629 1007 677 erat
1024 620 1129 679 consti·

104 775 233 807 arusinis
251 766 294 806 and
331 718 420 768 tutus.
466 713 510 784 76.
555 710 639 771 Licet
660 713 766 772 eadem
787 713 825 772 de
853 714 999 773 Pausania
1021 718 1129 793 Lysan-
1157 741 1172 792 5

79 825 203 913 323ss&ss
242 817 294 857 with
332 808 448 887 droque
467 807 573 880 dicere,
589 827 716 883 quorum
737 809 824 869 rebus
842 810 930 887 gestis
948 830 1128 889 quamquam

331 904 485 983 imperium
525 905 768 984 Lacedaempniis
810 909 963 966 dilatatum
1001 921 1126 986 putatur,

79 1013 178 1061 tamen
193 1020 232 1061 ne
246 1000 369 1062 minima
383 1004 503 1080 quidem
516 1024 552 1063 ex
565 1014 646 1080 parte
662 1003 787 1081 Lycurgi
794 1005 908 1082 legibus
917 1016 946 1064 et
957 1004 1128 1083 disciplinae

78 1098 252 1159 conferendi
266 1111 343 1159 sunt.
368 1101 447 1176 Quin
462 1100 551 1160 etiam
565 1101 604 1160 ob
619 1101 671 1159 has
686 1100 763 1177 ipsas
784 1120 886 1160 causas
903 1112 933 1161 et
949 1102 1127 1178 parentiores
1211 1122 1213 1126 ’

78 1197 246 1256 habuemnt
266 1198 410 1258 exercitus
431 1209 461 1259 et
481 1198 622 1258 fortiores.
666 1197 744 1256 Mihi
766 1197 887 1274 quidem
909 1217 1007 1275 neque
1030 1200 1127 1276 pueris
1144 1231 1173 1264 10

152 1355 186 1365 ..
233 1355 237 1365 ,
329 1294 415 1355 nobis
441 1297 483 1355 M.
508 1297 633 1354 Scaurus
658 1295 691 1355 C.
718 1293 814 1354 Mario
846 1312 953 1370 neque,
978 1314 1046 1353 cum
1068 1315 1129 1355 ver-

79 1355 294 1447 nliffllnlillli‘}
332 1410 462 1450 saremur
483 1390 515 1449 in
538 1409 569 1449 re
593 1389 719 1466 publica,
744 1389 782 1464 Q.
812 1390 935 1450 Catulus
963 1391 1017 1450 Cn.
1042 1392 1129 1450 Pom·

78 1458 173 1506 ‘mer'
330 1487 399 1564 peio
423 1489 529 1547 cedere
553 1486 707 1546 videbatur
717 1505 727 1559 ;
756 1485 837 1563 parvi
859 1485 940 1546 enim
964 1497 1033 1546 sunt
1059 1487 1128 1546 soris

79 1601 168 1653 arma,
185 1581 242 1641 nisi
258 1593 302 1642 est
322 1582 478 1642 consilium
496 1581 584 1642 domi.
628 1584 657 1640 N
660 1601 694 1641 ec
712 1583 778 1658 plus
797 1580 961 1655 Africanus,
977 1582 1128 1659 singularis

80 1689 108 1738 et
135 1678 180 1737 vir
207 1691 237 1738 et
264 1679 429 1755 imperator,
458 1679 489 1737 in
511 1677 713 1738 exscindenda
740 1678 903 1737 Numantia
929 1678 971 1738 rei
992 1678 1127 1755 publicae
1144 1707 1171 1758 ¹5

79 1773 189 1850 profuit
212 1794 301 1851 quam
325 1776 432 1835 eodem
460 1787 593 1852 tempore
620 1777 652 1835 P.
683 1775 792 1834 Nasica
818 1775 955 1859 privatus,
984 1796 1054 1835 cum
1080 1776 1125 1835 Ti.

80 1869 250 1928 Gracchum
271 1868 424 1932 interemit.
448 1871 636 1947 Quamquam
654 1870 728 1930 haec
749 1869 871 1947 quidem
887 1891 933 1932 res
952 1891 1013 1931 non
1032 1874 1128 1932 solum

79 1985 115 2025 ex
137 1965 302 2024 domestica
323 1977 367 2026 est
387 1965 656 2044 ratione-attingit
676 1966 757 2026 enim
777 1967 922 2042 bellicam,
938 1969 1080 2045 quoniam
1099 1970 1128 2029 vi

80 2081 231 2137 manuque
253 2065 388 2123 confecta
409 2066 548 2129 est—sed
568 2075 668 2124 tamen
688 2064 720 2123 id
741 2065 837 2141 ipsum
859 2077 903 2125 est
923 2079 1038 2143 gestum
1059 2087 1127 2128 con-

80 2160 145 2219 silio
166 2161 280 2220 urbano
301 2160 364 2221 sine
385 2162 521 2222 exercitu.
567 2179 611 2236 77.
650 2163 730 2222 Illud
750 2174 849 2223 autern
869 2163 1015 2240 optimum
1031 2164 1127 2237 est,in
1141 2193 1173 2228 20

80 2258 163 2335 quod
177 2257 278 2317 invadi
292 2259 385 2319 solere
399 2260 437 2319 ab
451 2259 596 2337 improbis
607 2271 636 2320 et
649 2259 756 2320 invidis
770 2261 879 2321 audio:

310 2374 405 2422 Cedant
418 2389 491 2423 arma
507 2381 579 2438 togae,
595 2375 706 2423 concedat
720 2375 806 2424 laurea
822 2376 900 2427 laudi.

88 2521 287 2564 orcrcenonrmserr
333 2473 377 2532 Ut
400 2471 480 2531 enim
507 2473 580 2533 alios
609 2474 752 2547 omittam,
776 2474 861 2535 nobis
889 2495 951 2536 rem
978 2477 1128 2555 publicam

80 2553 296 2664 ffiglffiffl‘g}
330 2569 560 2646 gubernantibus
598 2590 697 2632 nonne
732 2566 818 2649 togae
851 2592 932 2632 arma
955 2579 1128 2635 cesserunt?

81 2672 115 2713 ‘¹¹⁶
144 2673 293 2732 .C²¹i¹i¹¹²ri³¹¹
332 2670 440 2743 Neque
454 2668 533 2728 enim
547 2668 710 2745 periculum
725 2668 755 2727 in
769 2669 919 2746 republica
939 2670 993 2730 suit
1013 2671 1127 2747 gravius
1141 2696 1171 2745 25

80 2735 184 2864 {affigit}
199 2724 295 2826 5ξῖιῖἷῖ
332 2787 475 2844 umquam
503 2786 559 2827 nec
586 2767 681 2827 maius
709 2767 817 2828 otium:
846 2768 887 2828 ita
914 2769 1043 2829 consiliis
1066 2770 1129 2829 dili-

104 2836 146 2874 φο
186 2850 191 2862 ’
329 2864 486 2941 gentiaque
511 2874 611 2923 nostra
630 2863 763 2924 celeriter
782 2865 821 2924 de
843 2864 979 2925 manibus
998 2865 1129 2926 audacis-

81 2959 223 3020 simorum
250 2960 360 3020 civium
388 2963 509 3039 delapsa
536 2981 617 3021 arma
643 2960 707 3037 ipsa
733 2960 911 3021 cecidemnt.
969 2962 1055 3037 Quae
1081 2983 1128 3023 res

80 3055 165 3133 igitur
184 3066 268 3134 gesta
283 3077 423 3138 umquam
444 3057 475 3117 in
495 3058 574 3119 bello
595 3059 701 3117 tanta?
721 3056 772 3133 qui
792 3056 957 3134 triumphus
978 3061 1129 3118 conferen-

80 3157 160 3216 dus?
202 3157 249 3230 78.
290 3139 375 3215 Licet
395 3155 475 3216 enim
496 3155 576 3228 mihi,
600 3157 701 3214 Marce
722 3153 772 3228 fili,
794 3155 875 3231 apud
895 3166 924 3215 te
944 3156 1067 3233 gloriari,
1089 3159 1128 3217 ad
1141 3177 1196 3226 50·

81 3272 170 3330 quem
191 3262 222 3312 et
242 3252 389 3313 hereditas
409 3252 496 3312 huius
517 3251 626 3329 gloriae
647 3262 677 3312 et
697 3254 842 3311 factorum
855 3250 979 3312 imitatio
993 3253 1126 3329 pertinet.

82 3351 158 3411 Mihi
183 3350 305 3427 quidem
326 3360 405 3410 certe
425 3349 469 3410 vir
489 3350 643 3410 abundans
664 3348 776 3410 bellicis
796 3349 942 3423 laudibus,
964 3352 1019 3410 Cn.
1043 3353 1129 3410 Pom-

81 3447 172 3524 peius,
200 3445 301 3506 multis
328 3445 516 3505 audientibus
543 3446 602 3504 hoc
629 3443 738 3517 tribuit,
767 3455 800 3504 ut
827 3443 938 3504 diceret
965 3446 1070 3504 fmstra
1096 3464 1128 3504 se

129 3626 143 3674 7
162 3607 366 3661 Lacedaemoniis
387 3615 488 3672 putatur
508 3606 573 3655 codd.
593 3607 683 3670 vulgo;
705 3606 802 3655 videtur
816 3606 928 3656 excidisse
944 3605 1044 3655 verbum
1062 3608 1128 3656 velut
1219 3657 1220 3663 ,

83 3693 249 3749 constitutum,
266 3697 394 3754 paratum
417 3688 620 3738 Lacedaemoniis
637 3695 736 3753 putatur
752 3687 883 3736 dilatatum
897 3703 927 3736 ex
941 3703 991 3736 uno
1004 3687 1079 3737 codr'ce
1091 3690 1128 3737 Be

86 3775 131 3825 Or:
141 3781 240 3839 partum
251 3771 339 3820 inserit
348 3769 492 3830 Lambinus,
507 3770 593 3835 recepit
602 3770 642 3818 Ba
673 3773 682 3827 ΙΙ
719 3783 749 3818 aa
762 3775 810 3834 pro
821 3768 888 3818 laudi
904 3769 975 3818 habet
989 3767 1043 3834 paci
1061 3785 1127 3818 unus

84 3853 156 3902 Bern.
168 3869 181 3901 c
191 3851 272 3900 Herm
278 3851 322 3898 lu
