2512 4192
56 171 91 231 11
106 187 166 228 xrx
181 166 233 249 68]
468 185 541 242 quae
558 175 644 243 opera
653 164 715 241 fiat
1068 166 1104 241 85

57 335 211 414 dignitatis
225 336 341 412 gradus,
354 335 396 393 sic
409 333 497 393 huius
511 333 650 393 scientiae
665 334 805 410 splendor
819 333 934 393 deletus
949 343 1001 407 est,
1016 333 1107 409 idque

57 453 95 496 eo
113 433 276 510 indignius,
293 433 375 509 quod
396 451 432 492 eo
454 442 587 509 tempore
605 432 664 490 hoc
685 430 815 507 contigit,
832 450 900 490 cum
919 429 944 491 is
964 435 1041 492 e'sset
1056 429 1107 506 qui

58 550 166 591 omnes
185 529 357 606 superiores,
379 529 488 606 quibus
506 529 619 588 honore
642 547 695 604 par
716 538 800 600 esset,
819 528 941 588 scientia
961 528 1047 588 facile
1068 527 1108 586 vi-

58 628 158 689 cisset.
201 629 290 686 Haec
303 626 390 702 igitur
403 645 493 702 opera
506 636 587 703 grata
600 624 700 685 multis
715 635 744 685 et
758 626 797 684 ad
813 625 964 686 beneficiis
979 624 1107 686 obstrin-

58 751 103 792 also
114 751 152 810 tuq
165 762 238 800 power
250 749 275 789 or
311 724 424 801 gendos
451 723 587 783 homines
614 723 846 782 accommodata
911 724 957 782 66.
1007 725 1106 800 Atque
1136 739 1150 785 5

58 800 274 901 piriiaiiffiirwiie‘i}
312 817 381 883 huic
391 823 445 883 arti
461 823 586 883 finitima
604 833 648 882 est
663 821 782 882 dicendi
793 819 929 902 [gravior]
945 822 1068 881 facultas
1077 833 1106 882 et

81 915 94 942 e
115 902 152 943 old
177 902 274 941 Romans
376 921 382 934 ·
562 920 568 932 .
708 919 713 931 .
793 920 799 932 .
986 919 992 932 .

57 952 157 1002 assigned
165 951 202 991 th,
211 950 272 999 high.
310 933 418 1000 gratror
431 931 462 981 et
475 931 610 998 omatror.
655 921 737 994 Quid
753 939 832 979 enrm
843 921 1012 996 eloquentra
1025 940 1107 997 prae-

57 1012 93 1093 ξξζ
111 1001 166 1093 ’335
190 1013 272 1103 {iii}
309 1017 441 1078 stabilius
455 1019 502 1077 vel
516 1015 710 1076 admiratione
729 1016 913 1076 audientium
930 1018 976 1076 vel
995 1037 1046 1093 spe
1066 1017 1107 1075 in-

58 1116 121 1144 ⁵¹⁰¹¹⁵⁴
311 1112 476 1190 digentium
493 1114 539 1172 vel
562 1132 671 1185 eorum,
691 1111 743 1188 qui
768 1112 880 1171 defensi
900 1122 976 1184 sunt,
999 1112 1107 1189 gratia?

58 1212 142 1273 Huic
156 1232 228 1290 ergo
242 1231 261 1271 a
273 1211 434 1270 maioribus
448 1211 554 1271 nostris
569 1223 613 1271 est
627 1211 657 1270 in
674 1221 742 1288 toga
757 1209 906 1288 dignitatis
925 1210 1105 1287 principatus
1123 1227 1151 1260 ¹0

58 1313 153 1372 datus
199 1308 310 1369 Diserti
331 1308 417 1384 igitur
435 1307 563 1367 hominis
584 1318 614 1368 et
630 1308 715 1368 facile
732 1307 892 1368 laborantis
911 1310 1053 1385 quodque
1075 1308 1105 1366 in

58 1409 160 1486 patriis
174 1417 220 1467 est
234 1404 372 1478 moribus,
380 1396 548 1464 multorum'
562 1424 665 1463 causas
679 1414 708 1463 et
723 1413 784 1463 non
798 1415 916 1481 gravate
938 1415 966 1463 et
980 1404 1106 1481 gratuito

81 1543 273 1585 mmmm,
313 1501 500 1562 defendentis
522 1501 666 1562 beneficia
688 1511 717 1560 et
737 1501 900 1577 patrocinia
920 1503 979 1560 late
994 1511 1104 1577 patent.

57 1594 210 1636 Weu‘ed·
312 1600 358 1672 67.
399 1599 590 1658 Admonebat
613 1617 662 1657 me
684 1617 730 1657 res
752 1607 785 1656 ut
807 1598 865 1657 hoc
892 1617 1012 1674 quoque
1039 1600 1106 1657 loco

57 1691 309 1754 intermissionem
324 1695 519 1772 eloquentiae,
534 1714 572 1753 ne
588 1693 686 1753 dicam
699 1692 856 1766 interitum,
874 1695 1065 1770 deplorarem,
1076 1693 1106 1752 ni
1123 1713 1150 1760 ¹5

57 1807 174 1848 vererer
204 1809 242 1848 ne
271 1790 309 1860 de
337 1811 385 1852 me
413 1793 478 1870 ipso
506 1791 618 1867 aliquid
644 1790 760 1850 viderer
785 1789 875 1866 queri.
920 1792 979 1850 Sed
1006 1801 1106 1850 tamen

57 1881 208 1953 videmus,
238 1880 346 1955 quibus
373 1883 508 1944 extinctis
537 1882 701 1942 oratoribus
725 1901 814 1958 quarn
842 1883 873 1943 in
900 1883 1002 1961 paucis
1030 1903 1104 1960 sper,

81 1992 152 2035 Other
173 1990 274 2032 merhods
312 1993 424 2058 quanto
441 1982 473 2041 in
492 1979 680 2058 paucioribus
699 1981 830 2053 facultas,
851 2001 941 2058 quarn
960 1982 990 2041 in
1007 1982 1107 2041 multis

56 2043 82 2084 of
95 2043 210 2092 rendering
226 2054 273 2090 per·
328 2079 333 2090 ,
459 2077 465 2088 ,
1008 2077 1014 2089 .

56 2093 116 2134 sonal
123 2092 204 2133 service
211 2091 272 2131 with·
311 2090 347 2139 Slt
362 2078 492 2138 audaCla.
538 2078 615 2137 Cum
629 2087 728 2136 autem
743 2095 847 2136 omnes
861 2096 922 2137 non
936 2088 1058 2154 possuit,
1070 2096 1107 2136 lle

56 2143 136 2235 iaitthe
157 2155 231 2194 W
251 2141 275 2182 οἱ
313 2174 399 2234 multi
415 2173 545 2251 quidem,
566 2184 617 2232 aut
637 2173 706 2232 iuris
727 2173 813 2250 periti
835 2193 900 2234 esse
921 2185 972 2234 aut
996 2173 1105 2246 diserti,
1121 2195 1152 2228 20

59 2274 130 2334 licet
140 2284 243 2333 tamen
257 2290 347 2347 opera
359 2269 500 2352 prodesse
513 2268 622 2341 multis,
631 2268 776 2328 beneficia
788 2280 949 2345 petentem,
959 2288 1108 2329 commen-

60 2370 185 2429 dantem
199 2367 357 2439 iudicibus,
372 2364 598 2442 magistratibus,
613 2364 782 2440 vigilantem
796 2383 849 2441 pro
868 2384 899 2424 re
913 2364 1040 2437 alterius,
1055 2384 1107 2424 eos

58 2465 147 2543 ipsos
162 2464 215 2542 qui
236 2475 287 2524 aut
304 2465 499 2523 consuluntur
519 2472 569 2521 aut
586 2463 757 2537 defendunt,
768 2473 934 2539 rogantem:
955 2464 1038 2540 quod
1057 2463 1107 2539 qui

315 2561 434 2632 faciunt,
455 2559 615 2637 plurimum
635 2560 743 2637 gratiae
765 2571 986 2637 consequuntur
1006 2562 1109 2622 latissi-

84 2655 127 2695 W‘
147 2660 207 2694 Μ*
226 2651 276 2694 ¹²¹‘0
313 2678 422 2735 meque
437 2677 539 2718 eorum
553 2668 654 2717 manat
668 2657 818 2717 industria
862 2661 909 2716 68.
946 2660 1013 2717 Iam
1034 2660 1106 2720 illud
1121 2679 1151 2726 25

57 2719 115 2753 care,
131 2703 240 2751 however,
254 2702 275 2742 in

57 2755 276 2856 afflfflffiiggffiggf
312 2775 374 2816 non
395 2763 464 2815 sunt
484 2753 752 2814 admonendi-est
772 2753 852 2814 enim
871 2753 902 2813 in
918 2767 1106 2831 promptu-,

311 2863 344 2912 ut
358 2851 490 2911 animum
503 2850 664 2923 advertant,
680 2869 748 2909 curn
761 2849 860 2910 iuvare
869 2850 941 2910 alios
954 2850 1054 2922 velint,
1069 2871 1108 2911 ne

58 2974 137 3034 quos
151 2951 316 3014 offendant.
347 2953 440 3028 Saepe
455 2948 535 3010 enim
548 2958 600 3008 aut
613 2967 665 3009 eos
678 2948 808 3021 laedunt,
824 2967 900 3025 quos
913 2967 973 3008 non
989 2949 1108 3019 debent,

58 3064 112 3114 aut
125 3072 187 3126 eos,
200 3069 277 3127 quos
295 3067 359 3108 non
379 3046 513 3124 expedit:
534 3045 559 3105 si
580 3045 779 3122 inprudentes
795 3046 998 3124 neglegentiae
1018 3059 1071 3120 est,
1083 3048 1107 3106 si

57 3149 197 3220 scientes,
209 3140 390 3206 temeritatis.
434 3143 589 3202 Utendum
604 3139 693 3200 etiam
707 3152 752 3201 est
765 3141 954 3202 excusatione
968 3143 1107 3202 adversus
1122 3167 1152 3217 30

58 3263 123 3320 eos,
139 3263 216 3321 quos
237 3241 346 3301 invitus
368 3238 509 3311 offendas,
528 3256 717 3314 quacumque
730 3238 833 3315 possiS,
849 3259 909 3315 qua
922 3259 953 3299 re
967 3239 1007 3313 id,
1025 3242 1107 3317 quod

58 3341 171 3415 seceris,
184 3356 307 3399 necesse
317 3335 404 3395 fuerit
417 3355 473 3395 nec
487 3334 570 3394 aliter
578 3336 674 3394 facere
683 3334 822 3411 potueris,
832 3335 996 3411 ceterisque
1011 3335 1108 3413 operis

59 3449 92 3499 et
105 3435 209 3498 officiis
223 3433 278 3495 erit
288 3433 329 3507 id,
344 3433 426 3509 quod
439 3430 582 3492 violatum
595 3430 750 3503 videbitur,
762 3431 1025 3506 compensandum.

110 3593 126 3644 6
153 3593 253 3645 dicendi
283 3592 387 3642 facultas
408 3600 433 3642 et
449 3592 547 3656 gravior
569 3596 594 3640 et
616 3591 725 3640 ornatior
746 3591 776 3651 Z,
803 3592 901 3654 gravior
917 3591 991 3649 codd,
1007 3592 1108 3654 peintus

58 3676 158 3727 seclusa?
167 3674 305 3724 Lambinus
350 3676 360 3730 ΙΙ
408 3686 438 3721 10
462 3670 713 3736 huicquoquecodd.,
727 3687 773 3719 om.
798 3671 872 3719 For
887 3670 911 3719 Z
923 3669 1005 3718 Her'ne
1019 3671 1060 3718 Lu
1095 3675 1105 3726 ΙΙ

61 3771 97 3823 33
109 3756 231 3807 neretum
249 3755 372 3804 videbitur
389 3755 431 3803 Ba
447 3754 528 3802 Helm
541 3754 582 3802 Lu
598 3755 628 3803 St
641 3769 696 3802 cum
711 3752 808 3816 optimis
824 3751 899 3812 could,
917 3752 945 3800 in
963 3751 1046 3800 cettrt's
1066 3758 1112 3800 out

59 3838 187 3891 mmo*
195 3838 296 3889 verbum
306 3844 353 3886 aut
362 3844 400 3886 est
408 3837 502 3901 legitur
