2512 4192
69 170 178 228 Ixxvr
194 163 246 248 90]
343 171 429 230 Vtrae
438 169 625 246 firrtz'tudim's
644 172 720 230 ratio
740 179 855 230 externa
1081 193 1097 250 3
1101 194 1118 250 3

1011 295 1121 304 ——

66 346 256 423 potissimum
276 348 469 424 gubemaret.'
511 350 657 426 Idemque
678 348 819 427 praecipit
839 360 872 408 ut
895 353 964 410 ‘eos
986 351 1120 411 adversa·

65 446 125 506 rios
153 447 354 508 existimemus
382 449 433 526 qui
457 469 538 508 arma
562 454 787 523 contraierant,
814 470 875 509 non
903 469 954 510 eos
983 449 1034 526 qui
1064 470 1119 511 suo

65 543 178 605 iudicio
197 546 272 605 tueri
290 567 353 607 rem
369 546 520 624 publicam
538 546 628 607 velint
639 548 656 620 ;’
677 547 771 623 qualis
793 547 846 606 fuit
863 546 938 607 inter
959 548 991 606 P.
1009 546 1118 608 Africa·

22 713 24 717 Ι
65 662 138 702 num
153 654 184 703 et
199 643 236 718 Q.
254 646 410 704 Metellum
424 644 488 704 sine
502 644 659 704 acerbitate
674 643 825 705 dissensio.

90 777 109 814 4
126 764 280 816 robelenient,
380 745 426 801 88.
470 744 537 802 Nec
564 761 633 802 vero
661 742 811 815 audiendi,
830 741 882 819 qui
909 743 1032 820 graviter
1066 743 1117 803 ini·
1146 773 1160 820 5

62 814 282 856 affableandcourte-
352 837 387 850 υ
418 837 425 850 ·
787 838 793 849 ·
1018 840 1024 851 .
1059 840 1066 852 .

63 865 281 915 ouesmcuyconsa-
319 858 403 898 mrcrs
417 839 604 898 nascendum
617 839 765 915 putabunt
785 840 874 914 rdque
888 860 1073 917 magnanimi
1086 852 1116 902 et

62 914 281 1024 ξξῗῑῗξὲζᾞζξζ
318 935 399 995 sortis
426 935 480 996 viri
507 955 572 996 esse
599 936 784 1007 censebunt;
816 936 888 995 nihil
916 938 996 997 enim
1018 940 1118 999 lauda-

62 1015 282 1117 {fffleffiims
317 1031 413 1104 bilius,
442 1031 515 1091 nihil
542 1052 650 1110 magno
677 1043 707 1092 et
734 1034 883 1109 praeclaro
909 1033 972 1094 viro
1000 1035 1116 1112 dignius

319 1130 516 1208 placabilitate
537 1142 625 1206 atque
646 1131 810 1190 clementia.
865 1133 902 1189 In
928 1131 1026 1191 liberis
1046 1151 1116 1192 vero

62 1229 183 1305 populis
206 1239 236 1288 et
259 1227 290 1287 in
312 1226 380 1286 iuris
405 1226 612 1303 aequabilitate
636 1228 800 1286 exercenda
820 1226 909 1286 etiarn
925 1238 970 1287 est
993 1228 1116 1288 facilitas
1132 1257 1160 1290 10

63 1336 94 1385 et
122 1324 248 1384 altitudo
272 1323 363 1382 animi
393 1342 468 1400 quae
497 1323 610 1396 dicitur,
632 1342 679 1397 ne,
702 1322 726 1382 si
753 1323 910 1382 irascamur
937 1335 987 1384 aut
1013 1324 1117 1384 intent-

63 1420 178 1498 pestive
206 1421 416 1480 accedentibus
443 1430 494 1479 aut
520 1419 708 1496 impudenter
733 1420 911 1497 rogantibus
940 1420 971 1479 in
997 1421 1117 1482 morosi-

63 1527 157 1577 tatem
171 1516 305 1576 inutilem
320 1528 349 1576 et
364 1516 498 1577 odiosam
512 1515 684 1577 incidamus.
729 1518 767 1576 Et
786 1528 885 1576 tamen
904 1516 945 1576 ita
963 1519 1117 1594 probanda

63 1625 110 1674 est
136 1614 335 1673 mansuetudo
362 1623 451 1689 atque
478 1613 643 1685 clementia,
665 1623 698 1672 ut
725 1612 899 1672 adhibeatur
918 1613 960 1672 rei
980 1615 1116 1691 publicae

63 1729 156 1770 causa
190 1709 335 1783 severitas,
371 1710 434 1770 sine
469 1729 528 1786 qua
562 1708 758 1769 administrari
785 1708 887 1769 civitas
914 1730 975 1770 non
1009 1722 1117 1788 potest..
1131 1729 1157 1778 15

64 1805 174 1868 Omnis
192 1817 292 1866 autem
308 1816 338 1866 et
356 1805 570 1866 animadversio
590 1817 620 1866 et
636 1805 788 1883 castigatio
809 1807 989 1866 contumelia
1012 1828 1114 1868 vacare

63 1903 155 1969 debet
176 1921 274 1978 neque
294 1902 334 1962 ad
350 1902 420 1976 eius,
439 1903 491 1979 qui
507 1902 627 1979 punitur
645 1902 775 1979 aliquem
794 1913 844 1962 aut
865 1903 960 1963 verbis
984 1905 1112 1982 castigat,

62 1999 118 2060 sed
146 1999 187 2059 ad
211 1997 253 2059 rei
276 1999 411 2076 publicae
435 1998 590 2059 utilitatem
609 1999 714 2059 referri.
779 2002 825 2075 89.
869 2002 1044 2060 Cavendum
1071 2013 1116 2061 est

62 2095 153 2157 etiam
175 2114 214 2155 ne
235 2094 328 2155 maior
347 2115 445 2172 poena
464 2115 553 2172 quarn
571 2098 659 2173 culpa
675 2095 712 2155 sit
731 2106 760 2156 et
779 2115 817 2155 ne
838 2095 934 2156 isdem
960 2098 997 2156 de
1019 2098 1114 2157 causis

15 2185 18 2191 ’
61 2192 111 2254 alii
125 2194 299 2270 plectantur,
314 2192 362 2251 alii
376 2212 415 2252 ne
433 2194 617 2269 appellentur
633 2192 762 2268 quidem.
807 2192 995 2254 Prohibenda
1015 2205 1114 2255 autem
1127 2216 1158 2250 ρο

61 2290 190 2351 maxime
223 2301 268 2350 est
301 2289 344 2350 ira
375 2290 406 2349 in
433 2289 585 2367 puniendo
595 2310 605 2364 3
639 2309 801 2366 numquam
829 2290 908 2350 enim
940 2290 1028 2351 iratus
1063 2292 1114 2368 qui

61 2388 186 2460 accedet
214 2386 254 2446 ad
280 2406 417 2464 poenam,
446 2387 679 2447 mediocritatem
707 2387 787 2446 illam
815 2386 935 2460 tenebit,
965 2407 1040 2464 quae
1069 2398 1113 2447 est

60 2481 138 2544 inter
166 2482 293 2542 nimium
321 2494 350 2542 et
377 2502 490 2560 parum,
520 2502 595 2559 quae
623 2484 720 2560 placet
750 2482 950 2560 Peripateticis
978 2494 1008 2544 et
1034 2495 1113 2544 recte

60 2581 167 2657 placet,
197 2580 289 2639 modo
317 2598 355 2638 ne
382 2580 536 2640 laudarent
556 2579 738 2639 iracundiam
758 2591 788 2640 et
809 2579 940 2639 dicerent
961 2579 1069 2639 utiliter
1095 2599 1113 2639 a

60 2686 167 2736 natura
195 2675 303 2734 datam.
346 2676 403 2735 Illa
429 2695 499 2735 vero
527 2674 664 2735 omnibus
692 2675 722 2734 in
750 2676 837 2735 rebus
865 2675 1048 2752 repudianda
1068 2687 1113 2736 est
1127 2695 1155 2744 25

61 2772 296 2849 optandumque,
322 2781 355 2830 ut
382 2770 411 2844 ii,
431 2771 481 2846 qui
507 2782 647 2848 praesunt
666 2771 708 2832 rei
728 2771 864 2848 publicae
885 2770 1112 2848 legumsimiles

61 2867 128 2941 sint,
151 2885 229 2944 quae
256 2867 297 2925 ad
323 2865 508 2944 puniendum
536 2886 597 2927 non
624 2867 776 2926 iracundia
803 2868 857 2927 sed
884 2866 1032 2944 aequitate
1060 2867 1112 2926 du-

61 2975 176 3024 cuntur.
896 2968 898 2972 '
970 3012 973 3018 .

10 3078 68 3136 ivl,
85 3074 277 3135 tornacensem
377 3079 423 3136 90.
465 3063 565 3138 Atque
586 3059 675 3120 etiam
696 3060 726 3120 in
747 3061 833 3124 rebus
853 3059 999 3137 prosperis
1019 3071 1049 3121 et
1073 3062 1112 3121 ad

62 3127 277 3218 iisspffiffiynb‘f
314 3152 496 3212 voluntatem
511 3164 641 3213 nostram
654 3153 813 3213 fluentibus
827 3153 994 3230 superbiam
1004 3173 1111 3231 magno
1126 3173 1157 3222 30

61 3227 145 3279 'my'
315 3268 412 3328 opere,
422 3252 572 3312 fastidium
583 3251 837 3329 arrogantiamque
847 3251 999 3328 fugiamus.
1021 3252 1112 3310 Nam

62 3357 93 3406 ut
112 3347 251 3406 adversas
279 3365 333 3421 res,
356 3347 398 3407 sic
425 3350 569 3409 secundas
596 3349 779 3409 inmoderate
806 3351 879 3408 ferre
906 3347 1030 3408 levitatis
1058 3358 1110 3421 est,

62 3444 268 3519 praeclaraque
296 3453 341 3502 est
368 3445 558 3521 aequabilitas
586 3445 617 3504 in
645 3445 727 3504 omni
752 3444 813 3504 vita
839 3455 869 3505 et
896 3443 976 3504 idern
997 3463 1113 3520 semper

86 3570 276 3614 rnsranmrso-
313 3542 412 3601 vultus
432 3543 597 3618 eademque
618 3543 706 3615 frons,
728 3552 762 3601 ut
782 3541 821 3600 de
841 3542 960 3600 Socrate
980 3539 1111 3616 itemque

63 3631 276 3716 ξξῗζῗοῖᾗξζξξῑ
314 3637 352 3697 de
380 3638 414 3700 C.
437 3637 539 3698 Laelio
567 3637 743 3714 accepimus.
796 3636 966 3714 Philippum
990 3634 1111 3713 quidem
1125 3650 1154 3701 35

63 3720 110 3763 ‘²⁰¹⁸
314 3735 516 3795 Macedonum
544 3754 642 3812 regem
668 3734 755 3795 rebus
782 3732 871 3811 gestis
898 3745 928 3794 et
948 3732 1040 3811 gloria
1066 3750 1112 3792 su·

159 3861 187 3897 11
199 3845 306 3896 altitudo
313 3847 357 3896 Ba
364 3847 446 3898 hiim
452 3848 496 3897 Lu
505 3863 562 3899 cum
572 3848 650 3914 codd,
663 3847 780 3903 lenitudo
795 3848 903 3902 Orcum
913 3865 966 3902 uno
978 3848 1030 3900 cod.

125 3955 179 3998 cic,
194 3941 310 4015 defff
1047 3969 1069 4027 ὃ
