2512 4192
90 179 130 236 30
429 165 603 222 Domesticoe
610 164 799 237 fortitudines
957 161 988 244 [I
1002 182 1086 225 xxm
1103 184 1140 242 79

87 327 270 404 triumphum
296 329 415 388 tertium
443 331 665 407 deportaturum
692 332 791 404 fuisse,
819 330 877 391 nisi
910 351 981 392 meo
1014 333 1049 394 in
1074 353 1138 394 rem

87 424 237 499 publicam
264 425 412 486 beneficio
436 428 488 487 ubi
515 428 707 505 triumpharet
733 439 811 489 esset
844 428 1008 490 habiturus
1064 433 1139 492 Sunt

87 521 174 598 igitur
195 523 376 583 domesticae
398 526 583 586 fortitudines
611 546 672 585 non
699 526 850 587 inferiores
877 527 1072 588 militaribus:
1107 528 1139 588 in

87 618 194 694 quibus
215 621 282 697 plus
304 621 402 696 etiarn,
418 643 508 700 quam
532 623 563 682 in
587 624 633 683 his
658 643 765 700 operae
789 624 938 701 studiique
960 627 1137 702 ponendum

87 726 140 773 est.
352 778 356 784 ,

3 817 71 866 X111
112 825 182 866 morat
195 825 299 885 therefore
400 832 444 891 79.
486 816 619 877 Omnino
628 817 702 876 illud
711 818 880 888 honestum,
893 817 977 892 quod
987 815 1134 879 exanimo

85 876 299 1025 Ξέἓῃὲζιέίῇῗέἓῗ
336 911 452 969 excelso
467 912 683 988 magnificoque
698 912 875 988 quaerimus,
890 912 984 971 animi
998 913 1133 988 efficitur,

86 1026 298 1076 nusquamne
336 1026 397 1066 non
411 1009 541 1085 corporis
560 1009 676 1069 viribus.
720 1011 930 1069 Exercendum
949 1021 1053 1070 tamen
1072 1031 1135 1071 cor·

85 1077 234 1117 sauretimethe
241 1077 298 1128 body
464 1105 470 1116 .
589 1107 595 1117 .
950 1107 957 1118 .
1085 1109 1091 1120 .
1105 1109 1112 1121 .

85 1127 297 1177 mnstbedulytrain-
336 1124 392 1181 pus
412 1116 441 1164 et
462 1117 502 1164 1ta
521 1108 710 1165 afficiendum
726 1118 778 1178 est,
794 1117 827 1166 ut
848 1107 990 1168 oboedrre
1007 1111 1133 1170 consilio

84 1176 293 1227 edanddisciplined.
382 1201 388 1213 ·
434 1202 439 1212 -
594 1203 599 1214 ·
636 1203 642 1215 ·
860 1204 866 1215 ·
997 1205 1014 1216 ··
1104 1207 1110 1219 .

84 1226 110 1266 1n
119 1227 203 1267 wasme
212 1228 299 1268 wrm
336 1213 501 1278 ratromque
521 1215 614 1279 possrt
634 1224 665 1262 m
686 1205 882 1280 exsequendis
904 1216 1031 1282 negotus
1052 1218 1163 1267 et1n1⁴

82 1277 297 1368 ss{,}¹,¹{„⁸„‘3,¹,{{,¹{¹,{¹1²
335 1300 434 1359 labore
462 1301 622 1360 tolerando.
666 1303 838 1361 Honestum
861 1312 963 1361 autem
987 1301 1028 1376 id,
1050 1306 1134 1380 quod

82 1377 293 1468 ii'iiei'iifkfflm
332 1396 519 1472 exquirimus,
535 1408 631 1456 totum
652 1409 696 1458 est
717 1398 847 1474 positum
861 1398 892 1457 in
911 1399 1004 1459 animi
1018 1421 1089 1461 cura
1102 1414 1132 1463 et

81 1494 276 1571 cogitatione:
297 1493 328 1552 in
343 1512 403 1569 quo
418 1512 478 1551 non
496 1493 640 1553 minorem
660 1494 816 1553 utilitatem
830 1496 961 1573 afferunt
974 1495 1027 1572 qui
1039 1497 1132 1575 togati

80 1591 122 1650 rei
135 1590 271 1668 publicae
285 1601 424 1667 praesunt
438 1609 528 1666 quam
548 1589 599 1666 qui
617 1591 729 1650 bellum
745 1602 856 1667 gerunt.
901 1593 1008 1668 Itaque
1026 1613 1130 1653 eorum

79 1689 203 1749 consilio
224 1708 311 1765 saepe
332 1698 464 1747 autnon
485 1699 621 1764 suscepta
642 1698 692 1747 aut
714 1690 850 1748 confecta
870 1689 948 1748 bella
969 1701 1047 1764 sunt,
1067 1710 1163 1770 non15

79 1803 242 1861 numquam
256 1784 345 1844 etiam
360 1783 457 1857 inlata,
470 1795 503 1843 ut
518 1787 559 1843 Μ.
578 1783 700 1845 Catonis
715 1784 826 1844 bellum
840 1785 959 1844 tertium
971 1787 1126 1862 Punicum,

79 1883 183 1959 inquo
199 1882 287 1942 etiam
302 1881 409 1941 mortui
423 1881 514 1941 valuit
532 1882 696 1942 auctoritas.
741 1885 788 1940 80.
825 1882 893 1957 Qua
912 1903 943 1943 re
960 1887 1127 1961 expetenda

79 1981 200 2057 quidem
214 1979 307 2057 magis
327 1989 370 2039 est
388 1978 567 2039 decernendi
585 1978 659 2039 ratio
674 1999 763 2056 quam
783 1980 954 2040 decertandi
973 1982 1123 2057 fortitudo,

78 2078 131 2137 sed
145 2077 310 2136 cavendum
325 2094 362 2134 ne
377 2074 408 2134 id
422 2075 552 2135 bellandi
566 2074 658 2151 magis
678 2076 746 2151 fuga
760 2094 849 2151 quam
864 2076 997 2137 utilitatis
1011 2078 1124 2141 ratione

78 2173 227 2232 faciamus.
270 2172 385 2230 Bellum
400 2184 499 2232 autem
514 2172 554 2230 ita
568 2172 750 2249 suscipiatur,
766 2185 799 2232 ut
813 2173 885 2233 nihil
899 2175 982 2254 aliud
996 2176 1053 2236 nisi
1066 2197 1123 2254 pax
1135 2201 1162 2235 ro

102 2315 119 2343 2,
147 2301 194 2341 me
209 2299 287 2341 „cond
325 2269 457 2345 quaesita
484 2269 624 2329 videatur.
672 2270 767 2330 Fortis
792 2290 861 2331 vero
883 2264 976 2332 animi
999 2285 1030 2334 et
1056 2295 1124 2336 con-

77 2350 232 2392 ⁰¹¹³¹³⁰²⁶¹i⁵⁸³⁰
265 2350 290 2390 0‘
325 2365 427 2424 stantis
448 2375 492 2424 est
513 2384 574 2425 non
594 2365 756 2441 perturbari
776 2365 807 2425 in
828 2368 915 2427 rebus
935 2369 1047 2446 asperis
1067 2391 1122 2431 nec

79 2402 218 2450 Fortitude-,
241 2413 287 2451 per·

77 2450 287 2543 {ffife‘ndssgwffi
325 2463 553 2521 tumultuantem
582 2463 619 2522 de
646 2464 738 2538 gradu
767 2462 851 2536 deici,
875 2475 908 2523 ut
930 2465 1046 2540 dicitur,
1069 2468 1121 2528 sed

76 2551 286 2653 ssfflffi‘dggssfiydglg
324 2558 470 2635 praesenti
492 2559 592 2620 animo
616 2560 659 2619 uti
683 2571 713 2620 et
734 2561 859 2620 consilio
883 2581 939 2622 nec
963 2582 982 2622 a
1008 2563 1119 2626 ratione

75 2650 286 2753 pnrgstuussfftggdg
324 2656 482 2716 discedere.
526 2659 573 2714 81.
616 2656 806 2733 Quamquam
833 2657 892 2717 hoc
918 2658 1020 2732 animi,
1047 2659 1154 2725 illudo

75 2752 212 2811 ustutsselflv
225 2750 287 2801 llll·
324 2751 413 2811 etiam
434 2748 543 2826 ingenii
563 2751 662 2829 magni
682 2762 735 2826 est,
754 2752 921 2829 praecipere
942 2754 1118 2832 cogitatione

75 2816 111 2854 mg
120 2817 159 2844 one
166 2803 189 2843 os
194 2802 228 2842 the
234 2802 287 2841 least

73 2853 286 2943 fiffifsssssfffl‘ssuggffssi
323 2851 420 2908 futura
440 2858 470 2906 et
490 2845 641 2921 aliquanto
662 2858 730 2908 ante
750 2847 936 2922 constituere,
952 2849 1027 2926 quid
1046 2850 1117 2910 acci·

73 2934 222 2994 rulin'aetiom
323 2946 392 3005 dere
405 2940 498 3020 possit
507 2940 537 2999 in
551 2954 705 3019 utramque
719 2954 832 3020 partem
843 2954 872 3003 et
886 2943 960 3021 quid
970 2947 1116 3021 agendum

72 3045 117 3118 sit,
133 3064 201 3103 cum
216 3042 289 3120 quid
301 3040 439 3113 evenerit,
454 3059 510 3099 nec
526 3038 710 3099 committere
724 3051 756 3100 ut
774 3039 935 3116 aliquando
956 3041 1115 3102 dicendum

72 3141 109 3201 sit
125 3144 169 3200 ‘N
172 3161 212 3201 on
226 3140 377 3218 putaram!
419 3139 506 3197 Haec
521 3147 589 3196 sunt
604 3155 693 3213 opera
706 3136 806 3214 magni
815 3136 907 3197 animi
920 3148 951 3198 et
964 3139 1073 3199 excelsi
1086 3151 1113 3200 et
1123 3154 1148 3202 30

70 3237 227 3316 prudentia
244 3234 427 3310 consilioque
443 3231 569 3292 fidentis.
611 3234 737 3291 Temere
753 3242 854 3292 autem
874 3232 906 3292 in
926 3233 991 3295 acie
1009 3235 1113 3296 versari

69 3348 100 3396 et
121 3355 211 3394 manu
230 3353 300 3394 curn
320 3332 405 3392 hoste
425 3330 582 3407 confligere
603 3329 732 3389 immane
746 3329 890 3407 quiddam
910 3342 941 3392 et
961 3332 1112 3393 beluamm

70 3431 164 3492 simile
185 3442 229 3492 est
240 3450 248 3503 ;
269 3429 323 3489 sed
341 3446 410 3487 cum
430 3438 547 3503 tempus
568 3426 785 3503 necessitasque
804 3429 943 3504 postulat,
965 3429 1112 3491 decertan-

70 3529 142 3589 dum
161 3548 251 3588 manu
271 3538 316 3588 est
334 3538 364 3587 et
386 3544 464 3585 mors
486 3524 617 3585 servituti
641 3524 873 3601 turpitudinique
894 3528 1108 3604 anteponenda

3 3630 56 3686 ’lv
203 3687 208 3698 ¹
316 3624 362 3682 82.
400 3623 448 3682 De
460 3620 624 3681 evertendis
638 3632 737 3681 autem
746 3622 978 3701 diripiendisque
991 3625 1108 3687 urbibus
1119 3640 1143 3692 35

68 3688 110 3731 md
123 3687 275 3740 'ww'
315 3718 401 3778 valde
427 3715 676 3776 considerandum
703 3728 808 3779 estne
830 3717 903 3796 quid
929 3729 1049 3796 temere,
1072 3740 1107 3783 ne

475 3844 502 3879 ar
522 3829 598 3879 animi
608 3845 655 3879 om.
670 3831 707 3880 Or
