2512 4192
118 189 133 246 Ι
149 203 192 246 xL
208 184 279 267 143]
418 194 561 246 externam
581 189 692 264 spen'em
706 190 833 264 pertinet
887 151 890 156 ·
1126 209 1162 269 51

115 356 179 430 viri,
200 357 338 417 virtutem
367 357 454 434 quis?
480 368 510 417 at
538 376 626 434 quam
650 357 734 416 multi
755 357 889 419 villarum
912 357 1161 435 magnificentiam

115 454 224 516 imitati
239 459 326 515 sunt!
390 455 538 529 Quarum
554 452 675 530 quidem
690 464 769 514 certe
783 464 828 514 est
844 453 1030 514 adhibendus
1044 456 1160 528 modus

115 590 331 631 ,msubffliemw
370 551 409 610 ad
433 551 729 628 mediocritatemque
753 551 945 610 revocandus.
988 552 1161 628 Eademque

115 641 335 733 ssgggffiggggfflo‘}
369 646 557 707 mediocritas
579 647 761 707 adomnem
783 666 870 705 usum
894 648 1065 725 cultumque
1085 647 1161 709 vitae

115 742 158 783 ure.
369 742 570 802 transferenda
589 752 640 802 est.
685 742 744 802 Sed
762 743 836 801 haec
854 742 1004 802 hactenus
1193 768 1207 818 5

140 892 213 932 Three
230 891 286 932 mles
298 892 331 933 for
432 857 497 910 141.
540 841 577 897 In
605 837 688 897 omni
711 848 810 897 autem
834 837 951 899 actione
974 838 1162 916 suscipienda

114 942 143 982 ³11
158 955 197 982 ουτ
214 941 329 982 undertak·
368 935 422 995 tria
435 947 504 996 sunt
518 937 648 997 tenenda
656 956 666 1010 3
693 935 822 1013 primum
840 946 873 995 ut
891 935 1038 1013 appetitus
1054 937 1162 998 rationi

114 992 329 1084 iigiisiriiiffltaii
366 1042 475 1109 pareat,
491 1051 550 1108 quo
564 1031 637 1091 nihil
656 1043 702 1092 est
722 1033 762 1091 ad
782 1031 879 1092 officia
895 1034 1097 1092 conservanda
1116 1053 1162 1092 ac-

115 1106 176 1134 oeses
184 1093 202 1133 is
210 1093 315 1134 decorum
541 1128 547 1140 ‚
657 1127 663 1140 .
828 1127 833 1138 .

321 1179 328 1189 .
349 1156 352 1161 ·
367 1130 602 1199 commodamus,
616 1129 725 1188 demde
744 1139 777 1188 ut
787 1129 1035 1189 anrmadvertatur
1052 1140 1162 1206 quanta

114 1223 166 1283 illa
185 1244 233 1284 res
254 1224 299 1298 sit,
320 1244 409 1301 quam
431 1225 545 1285 efficere
563 1224 695 1299 velimus,
715 1235 749 1284 ut
767 1244 842 1285 neve
861 1224 955 1284 maior
974 1245 1049 1285 neve
1065 1225 1162 1285 minor
1178 1261 1207 1294 10

114 1344 187 1383 cura
200 1336 230 1383 et
245 1343 334 1401 opera
349 1323 524 1401 suscipiatur
538 1342 628 1400 quam
642 1343 731 1382 causa
744 1324 879 1400 postulet
923 1321 1056 1383 Tertium
1070 1333 1115 1382 est
1128 1334 1161 1383 ut

115 1437 273 1480 caveamus
287 1430 319 1481 ut
334 1439 377 1492 ea,
393 1439 469 1496 quae
483 1419 631 1496 pertinent
649 1421 689 1479 ad
708 1418 858 1479 liberalem
872 1418 1002 1495 speciem
1017 1430 1047 1478 et
1067 1416 1160 1495 digni·

114 1526 215 1589 tatem,
231 1516 385 1576 moderata
397 1515 463 1576 sint.
507 1517 618 1575 Modus
639 1525 739 1575 autem
758 1527 802 1575 est
816 1515 943 1593 optimus
958 1516 1049 1576 decus
1063 1513 1160 1592 ipsum

114 1622 225 1684 tenere,
241 1612 279 1671 de
293 1631 353 1688 quo
367 1622 436 1671 ante
450 1611 589 1686 diximus,
599 1631 656 1671 nec
669 1610 806 1688 progredi
820 1611 944 1688 longius.
988 1613 1106 1670 Horum
1120 1621 1161 1670 ta·

114 1727 185 1768 men
195 1708 285 1768 trium
299 1708 582 1785 praestantissimum
596 1718 640 1768 est
655 1708 817 1793 appetitum
829 1719 1031 1786 optemperare
1045 1708 1157 1768 rationi.
1176 1733 1203 1784 15

61 1843 102 1894 XL
140 1866 312 1909 commendem
431 1825 496 1878 142.
541 1804 691 1882 Deinceps
710 1806 749 1864 de
770 1804 873 1864 ordine
889 1824 986 1865 rerum
1004 1816 1034 1866 et
1056 1825 1161 1883 oppor-

114 1917 329 1967 ‹mirrenutyornre⁴
367 1903 491 1962 tunitate
505 1913 674 1979 temporum
688 1901 849 1961 dicendum
863 1912 916 1962 est.
959 1904 1047 1962 Haec
1057 1914 1160 1963 ¹autem

114 1967 328 2076 iiiisiiiessseii
366 1999 488 2060 scientia
508 1999 697 2059 continentur
718 2017 762 2071 ea,
790 2017 880 2074 quam
908 1998 1014 2060 Graeci
1035 1997 1161 2068 εὐταξίαν

113 2068 284 2109 ²¹¹⁰¹²¹³⁰⁰⁰¹¹⁵
366 2096 529 2170 nominant,
552 2115 614 2155 non
634 2097 720 2168 hanc,
742 2114 831 2172 quam
854 2095 1079 2171 interpretamur
1092 2098 1160 2157 ‘mo-

114 2194 255 2270 destiam',
272 2212 333 2270 quo
360 2194 391 2254 in
415 2195 507 2254 verbo
521 2195 643 2254 ‘modus'
659 2192 743 2266 inest,
766 2194 819 2253 sed
846 2192 896 2252 illa
921 2206 965 2253 est
990 2192 1107 2269 εὐταξία,
1128 2195 1160 2254 in
1174 2228 1205 2262 20

113 2312 172 2369 qua
193 2292 374 2368 intellegitur
396 2290 506 2351 ordinis
531 2289 722 2375 conservatio.
765 2292 879 2366 Itaque,
902 2300 935 2349 ut
958 2293 1084 2351 eandem
1104 2312 1159 2352 nos

136 2431 255 2473 ΜΕΝ
280 2430 305 2471 0,
352 2388 552 2448 ‘modestiam’
564 2390 756 2465 appellemus,
778 2388 820 2448 sic
841 2388 980 2448 definitur
1003 2409 1022 2448 a
1043 2389 1157 2462 Stoicis,

111 2481 193 2524 T‘fme
313 2518 321 2530 0
365 2498 398 2547 ut
431 2486 577 2547 modestia
605 2487 642 2546 sit
674 2486 796 2546 scientia
827 2506 928 2546 earum
959 2506 1062 2557 rerum,
1083 2507 1159 2564 quae

111 2596 236 2663 agentur
263 2595 314 2644 aut
341 2584 484 2663 dicentur,
501 2586 569 2645 loco
595 2604 649 2644 suo
673 2586 922 2646 collocandarum.
970 2587 1018 2644 Ita
1044 2585 1159 2646 videtur

110 2686 218 2745 eadem
245 2684 290 2744 vis
318 2683 429 2744 ordinis
457 2693 487 2744 et
515 2681 717 2743 collocationis
744 2684 829 2742 sore:
867 2701 936 2742 nam
967 2692 995 2742 et
1023 2683 1157 2744 ordinem
1171 2708 1201 2757 25

110 2783 151 2842 sic
184 2780 339 2854 definiunt,
368 2779 615 2856 compositionem
641 2799 739 2839 rerum
765 2778 841 2855 aptis
870 2789 899 2838 et
925 2781 1157 2840 accommodatis

109 2877 191 2939 locis.
221 2881 335 2938 Locum
362 2886 462 2935 autem
489 2874 613 2934 actionis
641 2873 892 2951 opportunitatem
919 2873 1060 2949 temporis
1093 2895 1157 2936 esse

109 2975 228 3048 dicunt,
248 2983 366 3049 tempus
387 2982 487 3031 autem
512 2970 635 3031 actionis
660 2981 860 3048 opportunum
887 2972 1000 3031 Graece
1026 2968 1155 3049 εὐκαιρία,

109 3071 215 3132 Latine
229 3070 395 3146 appellatur
407 3067 533 3129 occasio.
576 3068 624 3128 Sic
645 3068 678 3127 fit
695 3078 728 3127 ut
745 3066 892 3128 modestia
908 3069 991 3140 haec,
1006 3087 1096 3144 quam
1115 3069 1156 3129 ita

108 3167 341 3243 interpretamur,
357 3176 391 3225 ut
405 3165 472 3238 dixi,
491 3163 614 3224 scientia
627 3163 663 3223 sit
680 3162 907 3241 opportunitatis
925 3163 1102 3224 idoneorum
1116 3168 1155 3226 ad
1168 3193 1199 3243 3⁰

108 3265 256 3342 agendum
270 3274 446 3340 temporum.
493 3280 556 3338 143.
597 3262 657 3321 Sed
670 3270 768 3338 potest
783 3261 888 3320 eadem
902 3280 967 3321 esse
980 3261 1154 3338 prudentiae

109 3359 252 3433 definitio,
271 3361 310 3419 de
325 3378 385 3436 qua
402 3357 547 3435 principio
566 3357 708 3418 diximus:
728 3358 787 3417 hoc
806 3369 905 3417 autem
919 3359 987 3418 loco
1001 3358 1040 3418 de
1054 3360 1155 3419 mode-

108 3457 221 3516 ratione
236 3464 265 3515 et
279 3453 474 3532 temperantia
488 3465 517 3513 et
532 3473 633 3513 earum
647 3452 789 3512 similibus
804 3451 959 3513 virtutibus
974 3453 1149 3529 quaerimus.

108 3555 221 3630 Itaque,
243 3569 320 3627 quae
347 3561 430 3609 erant
457 3549 632 3625 prudentiae
659 3548 784 3625 propria,
799 3567 853 3607 suo
878 3550 945 3608 loco
967 3548 1151 3610 dictasunt:

108 3668 185 3727 quae
212 3659 312 3707 autem
340 3647 444 3705 harum
466 3646 616 3718 virtutum,
642 3645 680 3706 de
708 3644 816 3722 quibus
839 3644 897 3704 iam
922 3645 973 3705 diu
994 3645 1149 3722 loquimur,
1165 3683 1194 3730 35

154 3812 167 3847 r
184 3797 274 3847 imitati
288 3803 347 3846 sunt
362 3802 392 3845 ut
403 3793 565 3858 grammatici
579 3795 770 3860 supplementum
787 3794 938 3846 secluserunt
959 3794 1000 3844 Ba
1020 3792 1099 3843 Hrinr
1120 3794 1162 3842 Lu

104 3881 117 3938 Ι
146 3892 163 3938 3
180 3878 374 3926 mediocritatem
384 3877 456 3926 laerte
462 3878 507 3926 b'a

1028 3997 1115 4056 ἀτ-’ὖ
