2512 4192
124 157 160 230 56
451 155 641 211 Honestorum
661 152 833 226 conparatio
979 146 1008 229 [I
1023 165 1099 207 xuv
1115 164 1168 225 155

122 336 183 382 tam
198 322 322 399 cupidus
337 321 367 381 in
381 321 588 398 perspicienda
601 322 868 397 cognoscendaque
885 339 982 380 rerum
1000 331 1114 390 natura,
1128 328 1169 389 ut,

123 421 148 480 si
175 420 203 479 ei
238 419 374 480 tractanti
400 417 672 494 contemplantique
700 437 747 477 res
773 417 944 495 cognitione
978 413 1168 494 dignissimas

123 518 220 578 subito
242 517 279 577 sit
293 517 414 576 allatum
432 516 595 592 periculum
614 514 833 593 discrimenque
852 515 975 593 patriae,
997 513 1047 573 cui
1068 514 1170 573 subve-

124 617 185 677 nire
200 615 396 694 opitularique
416 614 518 691 possit,
534 634 595 674 uon
609 613 660 674 illa
673 613 774 673 omnia
787 612 933 690 relinquat
947 623 1037 688 atque
1052 609 1168 683 abiciat,

124 713 213 773 etiam
228 712 252 772 si
266 712 451 772 dinumerare
470 732 502 772 se
520 712 620 771 stellas
634 721 685 770 aut
699 710 796 771 metiri
809 710 915 770 mundi
933 708 1170 786 magnitudinem
1195 718 1205 767 ⁵

123 829 211 887 posse
231 809 406 870 arbitretur?
446 810 547 884 Atque
573 809 632 867 hoc
653 807 734 867 idem
754 806 786 866 in
806 806 944 884 parentis,
974 805 1006 864 in
1028 803 1119 864 amici
1139 823 1171 863 re
1215 814 1219 823 ’

124 919 175 968 aut
195 907 325 985 periculo
346 907 455 966 fecerit.
500 922 565 983 155.
608 905 723 980 Quibus
745 906 833 965 rebus
858 903 1036 981 intellegitur
1067 901 1170 962 studiis

126 1004 288 1081 officiisque
316 1003 455 1064 scientiae
482 1004 694 1081 praeponenda
713 1022 777 1063 esse
802 1001 900 1062 officia
926 1001 1065 1074 iustitiae,
1094 1017 1169 1077 quae

126 1101 273 1176 pertinent
287 1100 326 1158 ad
340 1098 493 1157 hominum
513 1098 678 1172 utilitatem,
694 1118 754 1175 qua
774 1097 847 1157 nihil
867 1096 981 1158 homini
995 1117 1061 1158 esse
1082 1098 1170 1157 debet

153 1251 341 1293 Immosemi·
377 1195 532 1272 antiquius.
576 1198 677 1272 Atque
704 1195 754 1269 illi,
773 1214 900 1272 quorum
927 1195 1027 1256 studia
1054 1194 1169 1271 vitaque
1181 1213 1205 1248 ιο

127 1303 340 1344 nentmenwhohave
376 1293 471 1352 omnis
486 1291 516 1352 in
530 1312 625 1352 rerum
640 1291 809 1369 cognitione
822 1303 936 1356 versata
949 1304 1002 1365 est,
1018 1303 1120 1353 tamen
1134 1293 1169 1352 ab

127 1353 217 1394 devoted
268 1353 335 1392 thern·
493 1387 499 1398 .
604 1387 610 1398 .
734 1387 761 1398 .,
809 1387 814 1398 .
1072 1388 1078 1400 .

126 1405 193 1445 serves
205 1414 225 1444 ιο
234 1402 270 1443 ne
281 1402 337 1453 good
375 1390 516 1464 augendis
530 1389 685 1447 hominurn
699 1389 873 1448 utilitatibus
886 1398 917 1449 et
927 1389 1096 1448 commodis
1110 1407 1169 1448 non

124 1452 338 1564 liifllillnllllg
374 1495 563 1546 recesserunt.
607 1487 686 1545 Nam
708 1496 738 1544 et
762 1484 950 1545 erudiverunt
974 1487 1093 1556 multos,
1111 1504 1170 1562 quo

124 1553 338 1652 iiiiipiii'e‘si'aiii
374 1581 511 1641 meliores
532 1579 610 1640 cives
635 1579 824 1656 utilioresque
851 1583 939 1641 rebus
963 1580 1024 1642 suis
1045 1580 1170 1656 publicis

124 1654 260 1696 “s‘e'Tm‘h'
375 1689 481 1749 essent,
503 1689 536 1736 ut
557 1679 734 1738 Thebanum
754 1677 994 1754 Epaminondam
1013 1678 1099 1756 Lysis
1118 1680 1170 1756 Py·
1182 1692 1205 1742 15

125 1781 291 1856 thagorcus,
307 1775 492 1853 Syracosium
508 1774 640 1834 Dionem
655 1777 739 1835 Plato
758 1775 903 1852 multique
921 1778 1040 1850 multos,
1057 1796 1170 1853 nosque

124 1876 181 1953 ipsi
204 1876 350 1952 quidquid
372 1875 412 1933 ad
432 1892 495 1933 rem
522 1872 675 1951 publicam
699 1873 858 1946 attulimus,
884 1873 909 1933 si
938 1876 1031 1935 modo
1059 1874 1171 1952 aliquid

126 1974 285 2046 attulimus
315 1971 523 2032 adoctoribus
551 1982 640 2047 atque
661 1970 797 2031 doctrina
824 1971 958 2032 instructi
986 1974 1026 2033 ad
1054 1994 1122 2035 eam
1141 1985 1170 2035 et

126 2070 221 2132 ornati
235 2051 455 2131 accessimusli
468 2071 532 2145 156.
575 2070 683 2144 Neque
701 2069 798 2129 solum
816 2068 875 2130 vivi
892 2080 982 2147 atque
1000 2083 1169 2147 praesentes

126 2167 275 2227 studiosos
294 2165 429 2227 discendi
448 2164 586 2226 erudiunt
604 2177 693 2242 atque
708 2167 817 2226 docent
831 2168 885 2226 sed
903 2168 961 2226 hoc
980 2166 1061 2227 idern
1083 2169 1169 2228 etiam
1180 2189 1208 2225 ιο

126 2276 192 2340 post
213 2275 338 2324 mortem
359 2261 560 2323 monumentis
580 2261 740 2322 litterarum
761 2274 966 2338 assequuntur.
997 2268 1063 2326 Nec
1091 2265 1169 2325 enim

126 2361 208 2420 locus
233 2361 308 2418 ullus
335 2369 381 2418 est
407 2357 627 2435 praetermissus
655 2359 694 2417 ab
718 2357 762 2430 iis,
791 2358 843 2434 qui
869 2359 910 2418 ad
936 2360 1024 2435 leges,
1054 2360 1106 2437 qui
1131 2363 1170 2422 ad

125 2477 231 2530 mores,
260 2455 311 2532 qui
336 2456 377 2515 ad
396 2453 582 2532 disciplinam
603 2454 645 2514 rei
669 2454 805 2532 publicae
826 2455 992 2532 pertineret,
1021 2467 1055 2517 ut
1076 2457 1168 2519 otium

125 2574 210 2614 suum
229 2555 268 2613 ad
287 2565 419 2614 nostrum
439 2551 591 2629 negotium
610 2551 771 2611 contulisse
788 2551 952 2612 videantur.
996 2555 1045 2613 Ita
1057 2553 1100 2613 illi
1115 2553 1169 2631 ipsi

125 2651 276 2711 doctrinae
297 2649 401 2710 studiis
421 2660 451 2710 et
471 2648 632 2725 sapientiae
656 2649 749 2708 dediti
772 2650 812 2708 ad
834 2648 989 2709 hominum
1013 2650 1167 2712 utilitatem
1179 2666 1207 2717 ²⁵

124 2769 207 2809 suanr
221 2748 408 2825 prudentiam
421 2746 712 2824 intellegentiamque
727 2746 913 2824 potissimum
929 2748 1095 2820 conferunt,
1112 2799 1114 2802 .
1130 2751 1168 2814 ob

124 2867 249 2924 eantque
264 2845 354 2906 etiam
368 2863 488 2904 causam
502 2841 601 2919 eloqui
619 2843 750 2918 copiose,
770 2844 863 2903 modo
879 2845 1048 2918 pmdeuter,
1064 2846 1169 2907 melius

124 2958 169 3005 est
192 2963 281 3021 quarn
303 2945 349 3003 rel
370 2941 537 3001 acutissime
558 2940 623 3000 sine
642 2940 813 3017 eloquentia
832 2940 969 3017 cogitare,
989 2945 1074 3019 quod
1092 2944 1169 3023 cogi·

124 3041 197 3101 tatio
212 3040 241 3099 in
256 3060 288 3100 se
303 3040 366 3116 ipsa
375 3038 505 3110 vertitur,
516 3036 687 3114 eloquentia
700 3038 906 3115 complectitur
919 3059 979 3112 eos,
992 3041 1167 3118 quibuscum

124 3138 337 3198 corruitunitute
359 3136 452 3198 iuncti
472 3157 581 3197 sumus
630 3154 694 3213 157.
737 3141 840 3215 Atque
864 3151 898 3198 ut
914 3139 1016 3215 apium
1032 3141 1209 3207 examinato

126 3254 186 3293 non
208 3234 414 3309 fingendorum
433 3235 567 3293 furorum
585 3253 675 3293 causa
693 3248 915 3312 congregantur,
935 3238 997 3308 sed,
1010 3256 1081 3297 cum
1102 3258 1169 3299 con-

124 3330 283 3408 gregabilia
296 3344 400 3390 natura
413 3328 478 3400 sint,
487 3332 599 3408 lingunt
610 3333 699 3404 ireos,
716 3332 759 3392 sic
772 3333 909 3393 homines
922 3354 958 3392 ac
971 3337 1067 3395 multo
1080 3335 1169 3396 etiam

125 3427 218 3505 magis
235 3444 339 3487 natura
358 3427 528 3503 congregati
547 3427 691 3489 adhibent
711 3430 820 3506 agendi
840 3430 1052 3508 cogitandique
1072 3435 1169 3494 soller-

153 3544 283 3594 umwraue
321 3544 340 3586 a
377 3520 456 3581 tiam.
499 3525 605 3601 Iraque
629 3525 686 3584 nisi
706 3545 742 3585 ea
761 3526 861 3598 virtus,
890 3546 968 3603 quae
989 3540 1108 3589 constat
1133 3549 1169 3590 ex

125 3608 161 3638 M
193 3595 235 3637 real
265 3594 337 3636 liunu-¹
450 3618 456 3630 ·
481 3618 487 3631 ι
662 3620 668 3632 .
717 3621 723 3633 .
946 3624 953 3634 .
1146 3627 1152 3639 ,

125 3646 194 3698 pag,
223 3659 261 3687 „a
287 3646 338 3687 aa,
376 3618 546 3679 horninibus
567 3622 693 3691 tuendis,
715 3623 747 3681 rd
771 3636 815 3682 est
835 3642 874 3682 ex
892 3636 1035 3685 societate
1054 3645 1167 3704 genens
1178 3642 1207 3697 35

26 1214 113 1263 XLIV

411 3824 427 3875 9
442 3810 570 3861 cultatem
581 3811 620 3861 Ru
632 3826 687 3859 curu
698 3811 789 3861 martas
798 3813 864 3861 atil.
