2512 4192
78 183 116 242 μ
349 165 434 224 rom
442 165 629 240 sortiturae
648 167 723 226 maa
741 140 857 226 meina
962 164 991 248 [1
1006 186 1071 228 xxv
1085 171 1123 246 85

78 334 191 412 dequo
208 333 322 394 Ennius

305 449 377 499 Unus
392 448 461 498 homo
477 449 544 499 nobis
558 450 693 500 cumtando
709 451 817 500 restituit
832 467 892 512 rem,

302 546 407 579 noenum
424 547 532 580 rumores
541 533 648 595 ponebat
662 539 720 581 ante
735 533 846 591 salutem,

300 627 355 676 ergo
366 619 467 677 postque
481 616 605 678 magique
620 614 671 663 viri
685 629 754 663 nunc
765 615 847 678 glano
862 613 944 664 claret.

78 709 169 787 Quod
189 729 282 788 genus
303 712 448 787 peccandi
469 712 622 772 vitandum
646 724 690 774 est
714 713 804 774 etiam
827 713 858 773 in
881 715 970 774 rebus
996 712 1123 776 urbanis
1153 749 1160 795 5

77 809 151 868 Sunt
165 807 244 868 enim
265 808 316 885 qui
334 810 418 886 quod
431 810 569 884 sentiunt,
584 809 640 871 etsi
654 810 800 888 optimum
814 823 866 886 est,
881 822 983 872 tamen
996 811 1125 874 invidiae

79 914 159 963 metu
174 923 235 963 non
249 906 359 964 audent
374 904 479 967 dicere.

16 1023 64 1073 xv
77 1054 124 1096 The
144 1055 213 1097 dmi„
235 1055 290 1098 osa
389 1007 435 1080 85.
492 1004 625 1065 Omnino
652 1004 704 1082 qui
731 1004 773 1065 rei
799 1005 936 1082 publicae
963 1007 1125 1082 praefuturi

78 1106 237 1151 stireman.
253 1107 288 1146 be·
327 1111 396 1159 sunt
410 1102 470 1160 duo
486 1102 616 1162 Platonis
633 1113 790 1179 praecepta
806 1113 948 1163 teneant:
970 1123 1066 1163 unum
1091 1116 1123 1164 ut

76 1155 287 1247 sidesthatossfeak·

76 1206 287 1307 iiiifflioi‘ssiy.
325 1196 480 1257 utilitatem
502 1197 610 1257 civium
632 1197 674 1257 sic
694 1209 838 1269 tueantur,
851 1208 891 1271 ut,
915 1219 1123 1276 quaecumque
1139 1231 1160 1265 rc

75 1306 287 1399 i⁰i⁰i2nlilii⁸ue
325 1306 423 1373 agunt,
439 1295 557 1354 adeam
572 1297 697 1354 reserant
711 1295 795 1355 obliti
813 1297 1043 1356 commodorum
1057 1316 1125 1357 suo·

75 1407 286 1481 zoorornagqvafn-
325 1415 410 1470 rum;
443 1396 568 1455 altemm
604 1405 637 1454 ut
664 1405 760 1454 totum
787 1415 906 1472 corpus*
921 1395 963 1456 rei
986 1396 1125 1472 publicae

75 1457 288 1566 fd2i¹⁵ri⁰a¹iri¹<i¹pie
324 1504 436 1566 curent,
462 1512 508 1566 ne,
534 1494 606 1552 dum
627 1504 740 1569 partem
761 1493 890 1569 aliquam
911 1504 1039 1568 tuentur,
1060 1494 1125 1554 reli-

76 1558 237 1609 ¹¹³¹¹¹¹⁸³⁸⁰¹⁰⁵³
325 1609 398 1667 quas
420 1590 562 1649 deserant
606 1589 650 1648 Ut
670 1587 750 1648 enim
768 1589 868 1662 tutela,
890 1587 933 1647 sic
954 1589 1123 1665 procuratio

75 1686 116 1745 rei
136 1685 272 1762 publicae
291 1688 331 1746 ad
352 1685 508 1746 utilitatem
528 1704 631 1745 eorum
652 1685 704 1761 qui
724 1684 875 1745 commissi
896 1697 973 1759 sunt,
997 1706 1059 1746 non
1083 1688 1123 1746 ad
1138 1709 1160 1756 15

74 1796 185 1850 eorum,
201 1777 308 1854 quibus
330 1776 489 1838 commissa
512 1788 564 1848 est,
588 1778 716 1854 gerenda
739 1788 791 1838 est.
834 1777 896 1852 Qui
919 1788 1021 1838 autem
1048 1779 1124 1856 parti

74 1872 182 1933 civium
203 1876 370 1947 consulunt,
391 1885 505 1951 partem
526 1875 693 1950 neglegunt,
707 1893 771 1934 rem
789 1873 1070 1950 perniciosissimam
1091 1875 1123 1934 iu

74 1968 221 2029 civitatem
249 1968 403 2043 inducunt,
431 1968 607 2030 seditionem
635 1980 724 2045 atque
752 1969 951 2029 discordiam:
985 1978 1024 2029 'ex
1060 1989 1122 2046 quo

74 2066 171 2126 ev'enit
185 2079 218 2126 ut
232 2067 281 2126 alii
295 2069 461 2145 populareS,
476 2066 525 2126 alii
539 2066 664 2126 studiosi
678 2065 783 2143 optimi
797 2065 940 2142 cuiusque
955 2065 1120 2138 videantur,

73 2163 160 2241 pauci
188 2164 396 2226 universorum.
450 2167 498 2226 86.
549 2164 631 2224 Hinc
658 2165 739 2241 apud
772 2163 962 2224 Atheniensis
996 2183 1121 2242 magnae
1136 2189 1160 2223 ro

74 2259 248 2327 discordiae,
292 2260 323 2319 in
346 2272 445 2321 nostra
467 2280 498 2322 re
520 2260 640 2337 publica
662 2279 724 2320 non
748 2261 845 2319 solum
872 2259 1054 2334 seditiones·
1067 2261 1123 2321 sed

73 2356 163 2416 etiam
184 2357 320 2433 pestifera
340 2358 417 2418 bella
437 2357 552 2418 civilia:
573 2376 650 2433 quae
669 2356 763 2434 gravis
783 2367 814 2416 et
833 2356 915 2416 fortis
938 2357 1012 2417 civis
1035 2369 1066 2418 et
1090 2358 1123 2418 in

72 2472 104 2514 re
123 2456 242 2533 publica
263 2455 369 2532 dignus
389 2455 555 2532 principatu
573 2454 664 2532 fugiet
682 2465 772 2530 atque
790 2453 893 2528 oderit,
913 2456 1070 2533 tradetque
1089 2475 1121 2516 se

72 2562 168 2613 totum
189 2552 231 2613 rei
253 2551 388 2630 publicae
410 2571 508 2628 neque
529 2571 602 2628 opes
629 2563 680 2611 aut
706 2551 870 2629 potentiam
891 2553 1112 2614 consectabitur

223 2713 229 2724 ⁸
320 2661 473 2727 totamque
487 2669 553 2711 eam
568 2649 610 2710 sic
623 2650 798 2719 tuebitur,ut
817 2651 955 2712 omnibus
974 2655 1119 2713 consulat
1133 2675 1160 2724 25

71 2713 286 2815 nhnllrhlilh
322 2746 388 2805 Nec
410 2763 479 2806 vero
501 2744 673 2806 criminibus
701 2746 780 2806 falsis
807 2745 839 2804 in
866 2746 971 2807 odium
998 2759 1051 2808 aut
1078 2747 1121 2807 in·

71 2814 282 2867 *¹⁶³¹mm'dm'ffl
320 2842 431 2902 sidiam
452 2860 633 2918 quemquam
651 2842 777 2914 vocabit,
791 2843 975 2920 omninoque
994 2844 1037 2904 ita
1063 2845 1123 2906 ius·

71 2938 151 2999 tiriae
170 2937 376 3015 honestatique
391 2939 591 3011 adhaerescet,
605 2949 647 3012 ut,
662 2939 735 2999 dum
751 2958 788 2999 ea
804 2952 967 3015 conservet,
982 2943 1120 3019 quamvis

71 3036 194 3113 ⁸maniter
209 3037 342 3097 nti‘endat
357 3048 543 3113 mortemque
559 3049 680 3115 oppetat
698 3037 796 3114 potius
814 3058 905 3115 quam
923 3040 1041 3102 deserat
1058 3041 1119 3116 illa

72 3151 148 3209 quae
168 3131 329 3235 dmw'
365 3133 531 3196 Miserrima
550 3133 673 3195 omnino
693 3147 738 3195 est
759 3135 882 3196 ambitio
908 3137 1119 3216 honorumque
1131 3162 1160 3209 30

70 3228 231 3301 contentio,
265 3229 305 3289 de
338 3248 398 3307 qua
430 3232 577 3307 praeclare
609 3232 691 3309 opud
723 3233 854 3292 eundem
886 3243 932 3293 est
960 3235 1119 3296 Platonem

72 3323 330 3386 ‘similituninem
342 3326 461 3403 eosqui
479 3327 554 3388 inter
567 3345 600 3388 se
614 3328 838 3399 contenderent,
852 3340 919 3388 uter
936 3329 1036 3405 potius
1053 3351 1118 3392 rem

71 3420 220 3497 publicam
246 3420 470 3495 administraret,
497 3435 530 3482 ut
557 3421 582 3481 si
609 3435 716 3483 nautae
741 3436 893 3498 certarent,
912 3424 980 3502 quis
1013 3447 1117 3488 eorum

119 3600 134 3648 3
146 3599 253 3635 ntunurn
264 3600 375 3635 manuus
383 3584 560 3635 balnearem
569 3587 607 3635 «al
615 3586 710 3636 [unct.
720 3597 752 3635 111
763 3589 821 3653 198:
832 3586 913 3636 [ltine
920 3604 977 3637 cunr
987 3590 1052 3640 cour.
1064 3605 1115 3639 non

68 3667 137 3716 enim
147 3681 266 3716 martires
298 3666 416 3717 Neronum
425 3682 445 3717 a
460 3682 542 3717 ntunu
554 3667 623 3717 aust
633 3668 708 3717 «Ιὲυέ
718 3676 755 3717 est
767 3685 843 3734 quan
857 3685 890 3719 ne
900 3685 993 3719 oenum
1003 3671 1057 3720 ke.
1068 3688 1115 3721 nec

68 3764 154 3799 unum.
190 3756 200 3805 l
233 3748 251 3799 t
266 3748 298 3799 sit
314 3748 395 3814 sulm
405 3758 443 3801 unt
456 3747 576 3799 liumus
592 3748 673 3799 Iln‘ne
686 3749 817 3800 ruam·
852 3756 863 3809 Ι
899 3767 931 3814 ¹⁴
945 3753 1020 3801 turba
1034 3768 1114 3819 neque

68 3830 282 3881 «immutabitur
291 3830 352 3881 aar
361 3829 489 3881 nom
499 3829 566 3881 duh·
578 3840 600 3880 tl
608 3838 634 3895 tt
650 3842 697 3894 314
