2512 4192
61 171 97 230 11
111 187 179 230 xxv
194 168 325 252 88-90]
403 173 583 250 Comparatio
603 177 760 236 utilitatum
1031 263 1032 267 Ἰ
1071 199 1109 255 93

61 341 122 401 Sed
136 351 202 400 toto
217 342 276 401 hoc
290 343 328 402 de
344 363 459 420 genere,
475 347 513 405 de
530 349 707 423 quaerenda,
724 350 761 410 de
778 351 954 410 collocanda
973 350 1107 426 pecunia,

59 439 170 497 vellem
184 438 275 498 etiarn
289 439 327 500 de
341 442 460 516 utenda,
475 445 663 505 commodius
681 466 699 505 a
713 446 889 523 quibusdam
908 446 1026 523 optimis
1039 445 1108 506 viris

59 535 101 594 ad
115 537 226 594 Ianum
240 536 372 597 medium
386 540 557 601 sedentibus
571 561 661 618 quarn
674 544 713 603 ab
727 543 794 603 ullis
807 543 991 620 philosophis
1005 545 1066 602 ulla
1078 543 1109 602 in

59 635 165 693 schola
178 633 352 710 disputatur.
386 639 460 698 Sunt
474 649 573 700 tamen
582 660 618 701 ea
628 643 848 718 cognoscenda:
869 641 1017 719 pertinent
1029 641 1108 702 enirn

59 731 101 790 ad
114 729 282 806 utilitatem,
298 731 336 792 de
351 751 410 809 qua
423 735 482 794 hoc
495 735 569 795 libro
585 735 765 812 disputatum
780 747 832 799 est„
1136 754 1152 804 t

10 837 48 886 {V
374 833 421 889 88.
466 833 525 893 Sed
552 833 751 893 utilitatum
779 834 1003 910 comparatio,
1035 853 1106 911 quo

57 909 275 1002 ,Jffl'ffij
315 925 395 986 niam
415 927 464 987 hic
484 931 567 990 locus
588 941 650 990 erat
672 941 801 1007 quartus,
823 950 843 990 a
866 931 1007 991 Panaetio
1027 951 1108 1010 prae·

56 1010 222 1104 uaeramu-
314 1025 472 1100 termissus
495 1047 584 1104 saepe
605 1040 649 1088 est
670 1029 842 1088 necessaria
886 1032 966 1088 Nam
993 1040 1023 1090 et
1045 1049 1108 1089 cor-

56 1091 276 1194 se1330⁰39³lirig⁰a¹3
313 1122 392 1197 poris
413 1126 573 1184 commoda
597 1145 667 1184 curn
687 1125 813 1186 externis
838 1137 868 1186 et
895 1137 1016 1185 externa
1036 1145 1105 1185 cum

56 1193 114 1233 tiens
124 1194 147 1233 in
159 1204 243 1244 respect
254 1195 279 1235 of
422 1220 428 1232 ·
528 1222 533 1233 .
618 1222 625 1234 .
880 1222 885 1234 .

56 1243 114 1283 «hen
127 1243 273 1294 Expertae,
315 1238 444 1296 corporis
472 1232 502 1281 et
525 1242 591 1299 ipsa
616 1234 692 1283 mter
716 1242 747 1283 se
772 1242 902 1300 corporis
930 1233 960 1282 et
987 1232 1105 1282 externa
1122 1243 1151 1278 10

58 1293 191 1334 Illustration
204 1295 229 1334 oi
240 1296 276 1336 the
506 1321 513 1333 .
704 1321 710 1334 .
1083 1320 1090 1332 .

56 1357 148 1384 manner
167 1345 189 1385 1„
207 1345 276 1386 which
314 1338 382 1377 curn
403 1330 529 1382 externis
549 1341 712 1398 comparari
733 1324 836 1382 solent.
880 1323 959 1382 Cum
980 1330 1106 1380 externis

56 1393 112 1494 ἓξὲξ
117 1407 190 1486 13¹2
203 1459 221 1488 e,
230 1396 276 1438 Μ’
314 1416 443 1493 corporis
458 1419 516 1477 hoc
529 1420 621 1478 modo
635 1429 850 1496 comparantur,
865 1420 962 1478 valere
975 1428 1008 1478 ut
1021 1415 1106 1475 malis

312 1531 401 1588 quarn
426 1515 509 1575 dives
537 1535 600 1576 esse
610 1537 619 1590 3
652 1535 721 1575 cum
748 1515 878 1593 corporis
900 1527 1020 1575 externa
1047 1515 1105 1575 hoc

55 1607 160 1680 moda,
190 1607 274 1669 dives
305 1629 370 1670 esse
399 1610 498 1688 potius
530 1631 620 1688 quam
647 1611 792 1671 maxumis
823 1611 952 1689 corporis
978 1611 1102 1686 viribus,

54 1704 122 1782 ipsa
149 1705 227 1766 inter
254 1726 285 1767 se
308 1708 438 1784 corporis
461 1709 513 1783 sic,
536 1721 570 1770 ut
594 1710 674 1770 bona
694 1711 833 1770 valetudo
857 1709 1001 1787 voluptati
1024 1720 1104 1770 ante·
1120 1723 1147 1771 ¹⁵

54 1815 192 1880 ponatur,
214 1803 290 1864 vires
312 1804 467 1881 celeritati3
489 1817 675 1867 externorum
694 1818 803 1881 autem,
823 1817 856 1866 ut
872 1808 964 1884 gloria
984 1806 1101 1882 divitiis,

126 1965 131 1976 ⁸
309 1903 462 1980 vectigalia
476 1904 588 1962 urbana
606 1902 731 1963 rusticis.
774 1905 820 1980 89.
853 1904 899 1961 Ex
917 1922 977 1979 quo
994 1922 1102 1982 genere

54 1964 273 2075 siddimi
311 1999 538 2076 comparationis
560 2000 633 2059 illud
653 2010 698 2059 est
727 1999 849 2060 Catonis
877 2000 969 2062 senis:
1001 2021 1101 2079 aquo

54 2066 145 2116 ’ὤμοι
311 2115 379 2154 curn
403 2105 598 2171 quaereretur,
618 2095 690 2171 quid
710 2095 838 2155 maxime
860 2094 891 2154 in
915 2115 946 2155 re
968 2095 1101 2156 familiari

55 2195 216 2272 expediret,
232 2196 393 2273 respondit,
411 2197 500 2256 ‘bene
513 2197 652 2272 pascere!
694 2195 776 2270 Quid
787 2196 971 2255 secundum?
998 2192 1100 2254 .‘Satis
1114 2204 1145 2239 ²0

55 2294 132 2354 bene
153 2297 291 2371 pascere!
334 2293 416 2368 Quid
439 2293 576 2353 tertium?
618 2295 712 2352 ‘Male
733 2292 873 2369 pascere!
914 2290 996 2366 Quid
1017 2310 1101 2368 quar-

56 2393 138 2450 tum?
179 2391 303 2452 ‘Arare'
345 2393 384 2450 Et
407 2411 476 2450 curn
498 2391 556 2464 ille,
581 2389 633 2467 qui
657 2389 830 2466 quaesierat,
856 2387 978 2448 dixisset
1007 2386 1100 2463 ‘Quid

25 2512 28 2517 ·
57 2486 206 2546 fenerarii’
228 2499 292 2547 turn
314 2489 390 2548 Cato
406 2486 501 2562 ‘Quid
521 2485 684 2552 hominem'
707 2484 803 2561 inquit
827 2483 1005 2543 ‘occiderei'
1054 2483 1100 2540 Ex

59 2599 116 2656 quo
130 2595 160 2643 et
172 2585 273 2644 multis
287 2584 351 2644 aliis
365 2582 493 2661 intellegi
508 2583 597 2642 debet
615 2581 774 2641 utilitatum
789 2577 1024 2657 comparationes
1037 2578 1099 2638 fieri

61 2681 150 2741 solere
173 2692 312 2758 recteque
333 2682 391 2741 hoc
412 2681 584 2740 adiunctum
604 2699 669 2739 esse
693 2689 830 2755 quartum
852 2676 1098 2754 exquirendorum
1112 2689 1142 2739 ²⁵

63 2776 216 2836 officiorum
230 2797 330 2855 genus.
375 2797 422 2854 90.
445 2777 573 2854 Reliqua
586 2775 726 2852 deinceps
739 2794 955 2852 persequemur.

109 2959 119 2994 1
136 2946 178 2994 sed
188 2946 427 3010 toto...disputatum
444 2952 506 2994 este
524 2947 537 3004 ἕ
556 2959 588 3010 90
604 2945 653 2992 huc
670 2942 824 3006 transportat
843 2943 928 3003 Unger
937 2939 1098 3004 probantibus

69 3023 102 3072 Ba
116 3027 191 3076 Heine
201 3029 242 3076 Lu
282 3043 297 3092 9
319 3029 390 3086 verba
403 3035 428 3077 et
442 3034 542 3076 externa
555 3042 611 3076 curn
625 3025 735 3089 corporis
745 3025 816 3072 una's
825 3017 951 3072 recludunt
959 3023 1001 3071 Ba
1015 3023 1099 3086 Unger

72 3104 642 3172 ame.aamquassequuntur13-14cu1n
659 3104 900 3171 corporis-viribus.
951 3106 962 3164 l!
998 3115 1027 3152 21
1056 3101 1097 3153 vel

76 3181 130 3231 male
139 3197 234 3246 poscere
244 3181 347 3230 Heince
360 3180 493 3229 Columella
497 3197 508 3235 ;
524 3179 584 3243 quid
596 3178 843 3243 tertiumi-pascere
858 3193 905 3227 am.
921 3178 986 3227 codd.
1000 3184 1100 3241 praeter

78 3261 283 3314 BaucaPalat.

414 3602 499 3646 muru
520 3601 652 3648 suevum
674 3602 757 3649 murs
803 3667 805 3670 v
