2512 4192
85 177 121 237 11
135 193 168 237 vr
185 175 234 257 21]
534 181 584 238 Dc
602 181 670 238 utili
1098 182 1135 258 67

833 293 1131 304 ——-——-——-.-

83 341 259 402 excitantur.
306 346 349 403 18.
393 343 512 403 Etenim
542 343 633 404 virtus
663 342 759 403 omnis
786 341 878 403 tribus
902 342 934 403 in
960 346 1048 404 rebus
1070 346 1130 406 fere

81 438 214 510 vertitur,
237 459 363 516 quarum
383 460 444 500 una
464 452 508 500 est
528 440 559 500 in
580 440 787 518 perspiciendo
818 440 892 517 quid
912 439 943 500 in
963 460 1082 518 quaque
1101 461 1133 504 re

82 553 187 597 verum
201 535 409 614 sincerumque
424 537 468 611 sit,
481 537 554 613 quid
568 547 802 597 consentaneum
816 536 931 615 cuique,
945 537 1017 615 quid
1031 557 1135 599 conse-

83 650 189 708 quens,
205 653 242 693 ex
256 653 316 710 quo
331 653 466 711 quaeque
480 633 643 711 gignantur,
661 653 737 710 quae
754 633 897 712 cuiusque
914 635 956 694 rei
970 655 1060 696 causa
1077 635 1115 697 sit
1124 657 1135 712 3

83 731 211 789 alterum
237 730 376 790 cohibere
403 742 502 790 motus
531 730 623 789 animi
651 731 792 804 turbatos,
822 736 897 808 quos
925 731 1031 792 Graeci
1057 731 1135 810 πάθη
1163 763 1177 812 5

82 921 191 982 rationi
201 943 211 995 ;
231 923 349 982 tertium
370 923 414 997 iis,
437 924 615 999 quibuscum
629 943 849 1001 congregemur,
872 923 914 983 uti
931 926 1084 987 moderate
1103 937 1135 987 et

84 1018 220 1095 scienter,
250 1039 377 1096 quorum
405 1019 510 1079 studiis
538 1039 581 1097 ea,
604 1039 680 1096 quae
708 1032 812 1080 natura
843 1020 998 1098 desiderat,
1017 1024 1134 1098 expleta

83 1116 296 1191 cumulataque
323 1116 493 1192 habeamus,
509 1136 562 1193 per
585 1117 775 1192 eosdemque,
810 1115 834 1175 si
862 1116 935 1192 quid
960 1116 1134 1194 importetur

83 1210 171 1271 nobis
192 1210 386 1285 incommodi,
403 1214 612 1289 propulsemus
631 1211 867 1288 ulciscamurque
886 1213 1008 1291 eosqui
1025 1232 1133 1275 nocere
1148 1237 1177 1272 ιο

82 1307 172 1367 nobis
191 1307 291 1366 conati
312 1307 378 1380 sint,
393 1319 534 1385 tantaque
547 1327 646 1386 poena
659 1307 837 1384 adiiciamus,
846 1320 986 1384 quantam
999 1308 1132 1386 aequitas

83 1404 316 1480 humanitasque
330 1403 447 1481 patitur.

35 1500 101 1550 VI·
400 1522 445 1578 19.
489 1501 605 1576 Quibus
627 1512 729 1562 autem
752 1500 915 1562 rationibus
938 1502 1016 1561 hanc
1043 1504 1131 1562 facul«

83 1583 300 1676 suffelfflfflui‘aill
337 1610 428 1659 tatem
456 1599 573 1676 assequi
599 1599 755 1676 possimus,
784 1610 817 1659 ut
844 1599 998 1660 hominum
1033 1600 1131 1661 studia

82 1683 299 1776 §gmfflffgssssssassgg
337 1696 570 1772 complectamur
591 1713 685 1771 eaque
702 1706 865 1768 teneamus,
884 1696 1016 1756 dicemus
1032 1687 1129 1776 neque
1143 1717 1172 1765 15

80 1784 299 1887 ffieffiffffiw
337 1792 379 1851 ita
399 1793 492 1851 multo
514 1801 590 1868 post,
616 1793 669 1851 sed
692 1811 788 1869 pauca
808 1803 877 1854 ante
899 1792 1027 1853 dicenda
1053 1806 1128 1855 sunt.

338 1892 481 1966 Magnam
508 1888 568 1948 vim
597 1907 661 1947 esse
689 1888 720 1946 in
748 1889 889 1948 fortuna
917 1889 948 1948 in
974 1900 1129 1968 utramque

80 1998 206 2065 partem,
215 1989 263 2047 vel
281 1988 426 2046 secundas
444 1986 483 2044 ad
500 2004 546 2044 res
563 1986 611 2045 vel
629 1986 774 2059 adversas,
789 1985 855 2062 quis
874 1985 1009 2064 ignorat?
1050 1990 1129 2046 Nam

84 2094 113 2144 et
127 2104 199 2143 cum
213 2103 354 2160 prospero
373 2084 444 2141 flatu
463 2080 526 2142 eius
544 2081 661 2155 utimur,
681 2083 721 2141 ad
736 2081 829 2141 exitus
848 2083 1034 2159 pervehimur
1047 2096 1129 2160 opta·

81 2191 137 2253 tos,
153 2192 190 2256 et,
199 2200 269 2239 cum
283 2180 402 2252 reflavit,
409 2178 569 2255 affligimur.
607 2181 695 2238 Haec
709 2179 795 2255 igitur
807 2178 871 2255 ipsa
884 2182 1001 2239 fortuna
1015 2191 1128 2241 ceteros
1141 2198 1172 2232 20

80 2297 169 2338 casus
182 2277 305 2338 rariores
319 2278 416 2348 habet,
431 2275 558 2353 primurn
572 2276 611 2335 ab
625 2275 761 2335 inanimis
782 2277 925 2352 procellas
939 2288 1128 2354 tempestates
1220 2307 1222 2312 ·

80 2374 242 2451 naufragia,
254 2373 353 2434 ruinas
374 2373 519 2446 incendia,
542 2372 651 2432 deinde
671 2392 691 2431 a
714 2372 813 2432 bestiis
837 2373 913 2434 ictus
935 2392 1049 2434 morsus
1076 2375 1129 2433 irn-

82 2482 177 2548 petus
228 2491 275 2531 20.
319 2473 406 2530 Haec
427 2489 505 2547 erg0,
527 2480 560 2528 ut
581 2468 650 2543 dixi,
671 2468 787 2529 rariora.
829 2473 870 2530 At
897 2491 967 2531 vero
994 2471 1127 2532 interitus

81 2567 273 2642 exercituum,
296 2577 329 2626 ut
350 2565 481 2645 proxime
502 2565 600 2639 trium,
621 2585 710 2642 saepe
728 2568 896 2639 multorum,
919 2568 1018 2627 clades
1037 2568 1127 2645 impe-

81 2676 222 2736 ratorum,
242 2674 275 2723 ut
294 2683 389 2741 nuper
406 2663 514 2723 summi
530 2673 560 2722 et
581 2661 732 2739 singularis
752 2662 813 2738 viri,
829 2663 957 2723 invidiae
977 2675 1127 2741 praeterea
1139 2683 1169 2732 25

79 2760 278 2821 multitudinis
292 2771 382 2836 atque
396 2761 435 2820 ob
449 2779 499 2819 eas
513 2759 590 2819 bene
609 2760 780 2818 meritorum
799 2779 887 2836 saepe
901 2759 1009 2820 civium
1028 2763 1128 2838 expul-

80 2857 189 2932 siones,
218 2857 407 2929 calamitates,
436 2858 530 2933 fugae,
558 2874 716 2933 rursusque
740 2858 889 2916 secundae
909 2875 965 2930 res,
988 2858 1125 2932 honores,

78 2953 212 3035 imperia,
233 2952 380 3027 victoriae,
402 2973 582 3030 quamquam
602 2952 721 3014 fortuita
738 2964 815 3027 sunt,
832 2964 933 3013 tamen
951 2952 1014 3013 sine
1032 2953 1127 3014 homi-

80 3071 152 3112 num
182 3051 289 3128 opibus
320 3061 350 3112 et
378 3051 481 3112 studiis
512 3061 646 3111 neutram
677 3051 708 3110 in
735 3062 848 3128 partem
882 3053 958 3112 effici
991 3065 1124 3130 possunt.

81 3151 152 3210 Hoc
177 3149 265 3226 igitur
292 3148 413 3226 cognito
435 3148 596 3209 dicendum
617 3159 670 3222 est,
698 3168 830 3226 quonam
855 3151 948 3210 modo
971 3151 1125 3211 hominum
1138 3171 1169 3222 30

83 3245 204 3304 studia
224 3245 264 3304 ad
281 3244 422 3304 utilitates
440 3255 556 3304 nostras
574 3243 690 3304 allicere
709 3255 799 3322 atque
821 3245 947 3307 excitare
969 3247 1124 3323 possimus.

80 3343 162 3418 Quae
182 3341 208 3401 si
228 3341 344 3418 longior
362 3340 448 3402 fuerit
467 3341 570 3417 oratio,
589 3361 659 3401 cum
674 3342 878 3420 magnitudine
895 3342 1027 3404 utilitatis
1045 3363 1125 3404 com·

285 3500 296 3540 s
330 3450 464 3518 paretur:
494 3440 535 3500 ita
561 3441 684 3503 fortasse
712 3439 801 3501 etiam
829 3439 945 3502 brevior
967 3440 1122 3502 videbitur.
1162 3440 1164 3444 ’

79 3500 292 3592 toihodffliieb
333 3557 378 3599 21.
422 3538 638 3613 Quaecumque
664 3535 753 3614 igitur
779 3535 916 3596 homines
940 3535 1054 3596 homini
1077 3535 1125 3597 tri-

77 3600 222 3644 mma
328 3635 424 3693 buunt
442 3633 481 3692 ad
500 3651 569 3692 eum
589 3633 763 3709 augendum
783 3643 873 3710 atque
894 3633 1121 3708 honestandum,
1137 3645 1166 3695 55

123 3765 266 3834 4quidque
282 3767 398 3832 gignatur
411 3767 435 3815 Z
442 3782 498 3815 cum
508 3765 573 3816 codri
587 3781 643 3815 recc.
704 3769 714 3823 ΙΙ
777 3777 980 3832 peongregamur
994 3765 1033 3817 Or
1043 3769 1129 3816 taratra

78 3847 140 3902 coda
206 3851 218 3905 tt
287 3862 317 3897 ιι
326 3847 429 3898 sintBa
437 3849 519 3899 llez'rte
527 3849 570 3900 [u
578 3864 636 3901 cum
647 3850 743 3922 antiqq.
758 3850 837 3916 codd,
849 3856 912 3904 sunt
924 3849 962 3903 Or

997 3966 1082 4031 5-4
