2512 4192
538 80 550 131 l*

94 200 293 285 IIvat169]
346 205 398 265 De
414 206 581 266 contentione
600 176 731 268 Honesti
741 213 770 267 et
794 209 881 268 [sana
1080 229 1136 284 119

92 379 154 431 non·
177 380 259 430 recte
286 370 405 431 aedium
428 372 629 449 pestilentium
652 375 788 434 venditor
811 375 910 434 tacuit.
953 377 1013 436 Sed
1037 376 1136 435 huius-

92 464 172 526 modi
192 464 363 527 reticentiae
384 467 445 528 iure
466 469 543 529 civili
564 489 668 530 omnes
689 471 899 548 comprehendi
920 490 981 532 non
995 484 1136 548 possunt:

91 583 166 642 quae
193 575 295 624 autem
321 577 453 641 possunt,
475 566 630 644 diligenter
650 577 795 627 tenentur.
818 562 882 644 [M
907 568 1019 628 Marius
1042 569 1135 630 Grati-

160 723 184 765 ὡ
294 724 306 765 s
341 660 455 735 dianus,
483 661 665 738 propinquus
693 673 799 736 noster,
833 665 867 724 C.
897 664 997 741 Sergio
1026 667 1133 726 Oratae

89 725 208 824 102¹}th
217 737 306 816 ιῗὲῗὲῑ
339 758 512 818 vendiderat
539 760 628 819 aedes
662 779 720 833 eas,
749 748 822 836 quas
844 759 912 851 ‘iah‘
929 762 1036 839 eodem
1070 761 1133 838 ipse
1163 777 1177 826 5

89 836 109 866 H·
121 836 212 866 MARIUS
220 835 303 866 GRATt·
416 853 422 865 ι
624 855 630 866 .
861 852 864 857 <
1008 857 1014 868 .

88 886 179 916 urinas
221 875 301 915 Differ·
338 873 439 930 paucis
466 865 535 915 ante
562 874 646 915 annis
674 867 791 916 emerat.
835 859 898 916 Eae
924 853 1048 938 [Sergio]
1078 878 1134 918 ser-

88 924 302 976 enceotoptntonbe·
361 952 367 964 .
684 954 690 966 ·
837 954 843 967 ·
868 955 875 967 ·
995 956 1001 967 ·
1155 952 1168 979 ι,
1196 929 1229 973 ,l

89 975 302 1016 mencmssusand
340 953 466 1026 vrebant,
503 954 556 1013 sed
590 955 648 1015 hoc
682 974 713 1013 1n
747 974 896 1032 mafflpro
926 958 1038 1016 Manus
1070 976 1131 1016 non
1190 978 1239 1037 >a

89 1037 247 1117 apppnruson
261 1025 304 1067 ‘¹¹³⁵
341 1047 461 1108 dixerat.
503 1050 643 1110 Adducta
656 1070 701 1110 res
714 1049 746 1109 in
760 1050 901 1110 iudicium
916 1065 967 1111 est.
1011 1054 1132 1113 Oratam

341 1146 470 1218 Crassus,
487 1146 692 1206 Gratidianum
706 1148 884 1208 defendebat
898 1149 1053 1210 Antonius.
1080 1153 1132 1210 Ius

63 1253 65 1256 ⁴
90 1245 213 1304 Crassus
232 1241 382 1321 urguebat,
400 1243 494 1320 ‘quod
514 1243 577 1303 vitii
597 1244 733 1304 venditor
753 1264 814 1304 non
835 1244 954 1306 dixisset
974 1246 1078 1320 sciens,
1100 1247 1129 1307 id
1147 1274 1176 1308 ιο

89 1351 223 1418 oportere
247 1340 403 1417 praestari,'
423 1340 602 1416 aequitatem
623 1340 779 1415 Antonius,
804 1342 955 1419 ‘quoniam
976 1343 1007 1402 id
1027 1344 1131 1403 vitium

88 1437 222 1515 ignotum
242 1437 342 1515 Sergio
363 1457 424 1497 non
445 1437 555 1521 suisset,
577 1437 628 1515 qui
648 1439 711 1498 illas
732 1441 821 1499 aedes
847 1440 1036 1514 vendidisset,
1059 1442 1130 1501 nihil

88 1533 174 1595 luisse
203 1553 324 1594 necesse
352 1533 411 1593 dici
438 1522 495 1594 nec
521 1553 590 1594 eum
617 1555 681 1595 esse
710 1536 876 1612 deceptum,
902 1537 953 1613 qui
980 1538 1019 1611 id,
1049 1541 1130 1614 quod

88 1641 206 1703 emerat,
221 1649 282 1707 quo
303 1629 365 1689 iure
387 1640 463 1689 esset
485 1633 615 1690 teneret!
657 1633 703 1690 68.
738 1633 870 1707 Quorsus
889 1633 980 1693 haec?
1002 1644 1034 1693 ut
1056 1633 1130 1694 illud

88 1727 249 1806 intellegas,
264 1747 325 1787 non
339 1727 484 1804 placuisse
498 1724 658 1790 maioribus
672 1729 779 1789 nostris
793 1737 985 1803 astutosxl
1144 1754 1171 1802 15

35 1825 79 1878 llll
399 1826 459 1886 Sed
486 1825 568 1885 aliter
594 1826 681 1902 leges,
710 1825 793 1886 aliter
823 1826 992 1904 philosophi
1023 1830 1128 1890 tollunt

86 1904 183 2005 ,ffi‘yd
208 1903 301 1995 {2¹22}ss
339 1919 475 1980 astutias:
498 1921 585 1997 legeS,
600 1932 745 1997 quatenus
765 1940 855 1981 manu
875 1934 976 1982 tenere
996 1936 1128 1999 possunt,

86 1967 300 2056 ‘h‘fffllffu‘im'
337 2016 512 2094 philosophi,
542 2029 686 2094 quatenus
713 2017 826 2079 ratione
858 2030 888 2079 et
919 2019 1124 2097 intellegentia

86 2054 158 2104 denec,
186 2054 256 2095 which
282 2055 299 2095 is

86 2105 298 2154 0⁰1¹fi¹¹0di¹¹st⁵⁰⁹²·
338 2112 427 2172 Ratio
447 2132 516 2190 ergo
537 2114 596 2172 hoc
615 2115 753 2190 postulat,
773 2133 811 2174 ne
831 2114 904 2190 quid
925 2113 1073 2189 insidiose,
1089 2136 1127 2176 ne

85 2154 299 2196 rationtothatwhich

82 2205 207 2306 Ιὲζὲζξήᾶῑ
215 2205 299 2247 ΜΦ
337 2211 409 2287 quid
423 2210 565 2284 simulate,
580 2231 618 2272 ne
632 2212 706 2288 quid
718 2212 865 2297 fallaciter.
909 2215 1022 2273 Suntne
1041 2213 1127 2290 igitur
1140 2247 1171 2281 20

333 2307 456 2368 insidiae
474 2308 596 2368 tendere
610 2310 718 2385 plagas,
734 2309 822 2369 etiam
837 2309 861 2369 si
874 2310 1051 2370 excitaturus
1066 2331 1126 2371 non

84 2405 122 2466 sis
143 2424 201 2465 nec
221 2401 401 2482 agitaturus?
428 2403 509 2481 ipsae
535 2404 615 2465 enim
643 2407 721 2466 serae
741 2395 823 2465 nullo
844 2406 1018 2482 insequente
1039 2427 1126 2484 saepe

83 2501 228 2563 incidunt.
271 2501 319 2562 Sic
339 2513 372 2562 tu
392 2503 481 2567 aedes
502 2503 673 2579 proscribas,
688 2504 819 2563 tabulam
840 2514 991 2579 tamquam
1010 2506 1126 2582 plagam

81 2620 176 2678 ponas
198 2597 335 2680 [domum
355 2611 474 2677 propter
493 2599 564 2660 vitia
582 2598 715 2681 vendas],
734 2601 765 2660 in
785 2620 853 2660 eam
873 2601 979 2677 aliquis
1000 2601 1127 2662 incurrat

81 2698 272 2775 imprudens?
302 2698 348 2773 69.
376 2699 447 2756 Hoc
461 2715 640 2773 quamquam
654 2697 741 2757 video
754 2709 874 2775 propter
887 2697 1124 2774 depravationem
1139 2727 1168 2777 25

82 2792 305 2857 consuetudinis
324 2812 422 2870 neque
440 2804 625 2871 more-turpe
644 2794 745 2854 haberi
763 2806 925 2870 nequeant
943 2798 1007 2873 lege
1021 2795 1127 2855 sanciri

82 2903 132 2952 aut
152 2891 216 2951 iure
236 2889 322 2964 civili,
338 2901 437 2951 tamen
457 2901 577 2950 naturae
597 2893 662 2968 lege
682 2902 817 2951 sanctum
837 2902 889 2952 est.
932 2891 1063 2952 Societas
1082 2903 1127 2952 est

82 2979 288 3064 enim-quod
320 2985 376 3047 etsi
409 3005 497 3063 saepe
531 2985 644 3047 dictum
677 2998 730 3061 est,
766 2987 926 3048 dicendum
954 2999 998 3048 est
1025 2999 1125 3049 tamen

82 3081 377 3163 saepius-latissime
398 3082 520 3159 quidem
540 3103 616 3160 quae
635 3095 743 3161 pateat,
763 3084 896 3144 omnium
916 3083 992 3145 inter
1012 3105 1124 3158 omnes,

128 3251 133 3262 .
155 3250 161 3261 .
200 3248 205 3261 ⁸
334 3178 454 3238 interior
480 3198 592 3252 eorum,
620 3178 672 3254 qui
692 3179 825 3240 eiusdem
846 3180 941 3257 gentis
962 3192 1039 3254 sunt,
1061 3201 1126 3258 pro·
1137 3213 1169 3260 30

81 3248 296 3343 wfflhmffliub‘}
332 3274 397 3352 pior
416 3295 527 3350 eorum,
543 3275 594 3353 qui
614 3277 748 3337 eiusdem
768 3276 900 3338 civitatis.
944 3280 1050 3356 Itaque
1064 3301 1125 3340 ma·

81 3349 341 3393 LaworeLawos·
467 3373 472 3384 ·
542 3373 549 3386 ·
682 3375 688 3387 .
806 3375 812 3387 .
882 3376 888 3388 .
970 3376 1005 3388 ..

79 3400 296 3450 thecommunityljus
332 3393 409 3434 rores
436 3375 517 3434 ahud
540 3394 586 3434 rus
609 3386 750 3452 gentium,
775 3377 855 3436 ahud
879 3396 925 3436 rus
950 3380 1035 3437 civile
1059 3398 1124 3438 esse

78 3450 296 3552 ξῗῗᾜέἓῷζζῖ
330 3471 501 3531 voluerunt:
535 3472 619 3548 quod
649 3470 743 3545 civile,
775 3491 836 3531 non
867 3471 949 3532 idem
981 3473 1124 3534 continuo

126 3641 143 3692 ⁶
160 3657 206 3692 eae
222 3640 360 3690 serviebant
376 3639 418 3689 Bo
434 3639 471 3687 Be
486 3639 566 3688 Heine
577 3645 635 3703 post
649 3639 831 3704 Heusingerum
847 3641 900 3690 coll.
921 3643 970 3690 Cic.
987 3642 1016 3690 de
1036 3650 1097 3692 orat.
1113 3655 1127 3688 1

78 3723 164 3789 3178,
181 3722 212 3772 dc
227 3722 275 3786 leg.
288 3729 341 3786 agra
355 3725 388 3760 111
402 3723 416 3781 ὅ
431 3735 455 3786 9,
475 3736 519 3770 eae
535 3737 594 3785 ergo
611 3722 750 3772 serviebant
765 3724 839 3772 Stnx
853 3725 914 3772 coni.
951 3727 960 3780 ΙΙ
999 3736 1028 3785 17
1045 3725 1123 3773 teneri

77 3802 260 3855 Heinecontra
268 3801 332 3850 codd.
371 3804 380 3859 ΙΙ
417 3814 447 3864 23
464 3801 551 3865 plagas
561 3802 633 3865 vulga
646 3809 732 3850 contra
742 3802 807 3851 codd.
844 3807 853 3860 ΙΙ
891 3802 1125 3866 24·verbodomum

77 3884 181 3949 popm
189 3877 254 3951 yltlr
262 3879 354 3939 vendas
361 3878 512 3930 seclnn‘cnnn
521 3880 564 3931 Ba
574 3881 655 3932 Hcim
663 3882 706 3934 Lu
717 3889 815 3935 auctore
830 3883 930 3951 Ungero
997 3927 1000 3933 .
