2512 4192
66 95 99 152 II
115 90 261 173 xx1v84]
454 112 527 169 quae
545 103 628 170 opera
638 95 701 170 fiat
1074 117 1109 172 91

64 260 308 322 constituendam
328 260 464 338 pecunia,
485 263 704 322 Alexandream
724 281 756 324 se
776 261 922 339 proficisci
941 265 1017 324 velle
1038 263 1111 325 dixit

65 379 190 436 remque
204 359 347 447 integram
361 361 401 420 ad
418 357 546 420 reditum
561 379 648 419 suum
663 358 746 418 iussit
760 378 833 419 esse.
877 361 968 435 Isque
981 360 1112 421 celeriter

66 456 106 515 ad
128 456 334 516 Ptolemaeum
348 474 435 516 suum
456 455 605 532 hospitem
625 454 715 529 venit,
730 455 782 532 qui
802 467 866 516 tum
886 458 1026 534 regnabat
1039 460 1111 519 alter

66 562 135 629 post
155 553 374 632 Alexandream
395 550 555 610 conditam.
599 550 656 612 Cui
686 570 753 610 cum
781 551 962 628 exposuisset
989 554 1110 631 patriam

66 668 99 708 se
123 647 248 710 liberare
271 649 348 708 velle
372 666 552 724 causamque
576 645 736 718 docuisset,
761 666 780 707 a
805 667 873 725 rege
900 651 1041 726 opulento
1068 651 1112 711 vir
1140 678 1153 728 5

66 765 202 806 summus
216 745 301 807 facile
316 743 481 822 impetravit
495 734 645 821 ut'grandi
658 744 785 822 pecunia
798 745 987 807 adiuvaretur.
1011 749 1110 823 Quam

66 859 136 901 cum
157 841 315 920 Sicyonem
336 840 489 912 attulisset,
505 838 641 901 adhibuit
654 839 710 901 sibi
723 839 755 899 in
768 840 925 901 consilium
939 842 1109 919 quindecim

66 937 225 1014 principes,
245 956 315 996 cum
335 935 444 1013 quibus
468 954 572 996 causas
596 936 735 1014 cognovit
759 947 789 997 et
813 956 924 1013 eorum,
939 939 991 1016 qui
1015 941 1110 1003 aliena

66 1034 218 1107 tenebant,
230 1043 261 1094 et
283 1051 393 1105 eorum,
404 1031 455 1108 qui
469 1051 522 1092 sua
535 1031 701 1105 amiserant,
715 1032 895 1110 perfecitque
909 1038 1108 1099 aestumandis

65 1129 313 1205 possessionibus,
327 1139 360 1188 ut
377 1129 566 1205 persuaderet
585 1127 656 1201 aliis,
672 1138 705 1188 ut
723 1128 880 1205 pecuniam
894 1130 1026 1208 accipere
1039 1137 1109 1194 mal-
1124 1159 1152 1192 10

64 1229 136 1299 lent,
165 1226 401 1306 possessionibus
429 1226 577 1298 cederent,
606 1223 670 1284 aliis
697 1235 731 1284 ut
757 1226 944 1287 commodius
971 1239 1107 1305 putarent

64 1324 213 1387 numerari
235 1322 299 1397 sibi,
314 1324 398 1400 quod
419 1321 493 1382 tanti
515 1332 601 1396 esset,
620 1341 710 1398 quam
732 1341 819 1382 suum
840 1342 1018 1401 recuperare.
1061 1330 1109 1388 Ita

63 1423 229 1499 perfectum
256 1431 301 1481 est
327 1431 360 1480 ut
383 1439 488 1481 omnes
515 1419 675 1481 concordia
701 1419 862 1480 constituta
888 1421 952 1483 sine
979 1427 1108 1501 querella

63 1519 260 1580 discederent
304 1520 351 1593 83.
393 1518 422 1577 0
449 1516 543 1576 virum
570 1535 710 1594 magnum
737 1515 928 1594 dignumque,
952 1519 1003 1595 qui
1024 1519 1055 1580 in
1076 1542 1107 1582 re

63 1616 185 1693 publica
197 1626 299 1676 nostra
312 1625 398 1675 natus
411 1617 503 1675 esset!
530 1613 579 1673 Sic
591 1633 644 1690 par
657 1627 702 1674 est
715 1632 802 1690 agere
815 1633 885 1674 curn
898 1614 1021 1690 civibus,
1035 1637 1105 1692 non,
1121 1637 1149 1687 15

62 1723 95 1773 ut
108 1712 157 1773 bis
167 1712 227 1772 iam
240 1709 377 1782 vidimus,
392 1711 507 1769 hastam
526 1708 557 1766 in
576 1709 640 1768 soro
658 1727 768 1785 ponere
783 1719 813 1769 et
826 1710 906 1770 bona
919 1709 1028 1771 civium
1040 1713 1106 1773 voci

63 1809 198 1871 subioere
225 1807 387 1886 praeconis.
428 1808 470 1867 At
497 1805 546 1866 ille
574 1807 714 1880 Graecus,
736 1805 768 1867 id
789 1808 872 1883 quod
893 1806 948 1867 fuit
968 1808 1106 1886 sapientis

62 1919 91 1968 et
119 1905 296 1985 praestantis
319 1904 382 1977 viri,
408 1902 546 1964 omnibus
568 1904 784 1963 consulendum
803 1903 925 1980 putavit,
947 1922 1041 1981 eaque
1061 1917 1106 1966 est

61 2031 181 2073 summa
203 2009 278 2070 ratio
302 2020 333 2070 et
356 2007 500 2085 sapientia
522 2006 596 2068 boni
618 2005 698 2081 civis,
724 2007 883 2067 commoda
909 2006 1018 2067 civium
1044 2028 1106 2068 non

61 2110 203 2171 divellere
224 2118 315 2184 atque
338 2125 442 2166 omnes
464 2104 613 2182 aequitate
633 2105 738 2165 eadem
758 2103 917 2165 continere.
960 2105 1106 2168 Habitent
1108 2125 1149 2241 lap
1243 2158 1248 2173 .

60 2207 149 2286 gratis
168 2206 202 2266 in
219 2204 325 2265 alieno.
369 2201 451 2278 Quid
465 2201 524 2262 ita?
575 2211 616 2274 ut,
631 2219 700 2260 cum
714 2219 770 2277 ego
784 2200 905 2262 emerim
918 2201 1116 2275 aedificarim,
1143 2150 1217 2291 (Ὗ)
1237 2264 1246 2284 .

60 2317 144 2367 tuear
120 2300 339 2405 Qenm,
354 2309 387 2359 tu
400 2317 450 2360 me
463 2296 555 2359 invito
569 2299 664 2359 fruare
681 2298 768 2358 meo?
795 2297 876 2372 Quid
890 2308 934 2358 est
947 2297 1028 2358 aliud
1041 2298 1105 2359 aliis
1155 2294 1174 2327 ·'·
1182 2284 1245 2391 ‘liv

60 2422 116 2463 sua
128 2401 252 2478 eripere,
266 2395 330 2456 aliis
344 2397 414 2456 dare
428 2394 542 2457 aliena?

375 2497 422 2567 84
465 2494 599 2554 Tabulae
611 2512 681 2554 vero
700 2512 796 2554 novae
812 2492 885 2569 quid
899 2493 1011 2554 habent
1023 2513 1105 2572 argu-

58 2557 282 2671 nffliffliig
315 2592 421 2664 menti,
432 2590 489 2651 nisi
509 2602 541 2651 ut
559 2610 640 2651 emas
657 2609 724 2651 mea
742 2589 869 2668 pecunia
886 2591 1020 2664 fundum,
1035 2610 1103 2651 eum
1117 2614 1145 2664 ²5

10 2706 46 2755 lv
58 2658 275 2761 afflui&
312 2698 346 2747 tu
359 2687 477 2759 habeas,
492 2704 548 2762 ego
562 2705 624 2746 non
642 2685 769 2746 habeam
787 2683 963 2761 pecuniam?
1003 2686 1103 2761 Quam

58 2762 279 2900 Wlfflin}
315 2785 442 2845 obrem
463 2803 502 2845 ne
523 2783 561 2845 sit
581 2803 632 2845 aes
653 2783 790 2856 alienum,
805 2784 888 2860 quod
907 2783 949 2844 rei
968 2784 1104 2861 publicae

58 2858 277 2973 mma,
314 2891 429 2953 noceat,
452 2879 668 2958 providendum
690 2890 743 2953 est,
765 2881 847 2957 quod
868 2881 967 2943 multis
989 2884 1105 2946 rationi-

57 2961 216 3016 ΝΜ·
313 2977 370 3037 bus
391 2976 487 3038 caveri
508 2987 615 3054 potest,
633 2996 705 3050 non,
724 2976 750 3036 si
770 2976 866 3051 suerit,
888 2989 921 3038 ut
942 2980 1103 3059 locupletes

58 3100 149 3142 auum
170 3077 309 3157 perdant,
334 3075 484 3137 debitores
504 3077 653 3136 lucrentur
676 3073 812 3136 alienum.
856 3078 922 3137 Nec
943 3079 1023 3140 enim
1043 3082 1103 3141 ulla
1115 3104 1147 3155 30

57 3196 108 3238 res
123 3171 331 3236 vehementius
349 3190 413 3232 rem
433 3171 583 3249 publicam
597 3170 730 3233 continet
748 3190 837 3248 quam
849 3173 933 3247 fides,
948 3193 1025 3251 quae
1038 3195 1103 3238 esse

56 3273 141 3333 nulla
165 3277 274 3346 potest,
301 3265 360 3327 nisi
385 3266 441 3327 erit
466 3264 632 3328 necessaria
657 3266 766 3328 solutio
792 3287 889 3329 rerum
916 3269 1099 3330 creditarum.

312 3366 477 3442 Nunquam
502 3362 706 3425 vehementius
733 3375 832 3425 actum
859 3375 905 3426 est
933 3385 1022 3442 quam
1052 3386 1101 3428 me

55 3443 276 3546 ssmmffioessg
310 3462 433 3522 consule
445 3479 485 3522 ne
498 3461 666 3522 solveretur.
687 3461 786 3521 Armis
800 3472 831 3523 et
844 3461 945 3523 castris
959 3473 1102 3540 temptata

55 3544 274 3643 {Qum
310 3576 358 3620 res
381 3568 426 3621 est
449 3558 490 3619 ab
512 3556 596 3619 omni
617 3575 725 3637 genere
748 3557 903 3619 hominum
926 3570 956 3619 et
980 3560 1099 3622 ordine:
1114 3580 1143 3632 3⁵

311 3654 419 3735 quibua
438 3654 482 3717 ita
500 3654 603 3729 ratiti,
625 3664 662 3717 ut
681 3654 743 3717 boc
761 3664 857 3716 totum
878 3657 990 3716 malum
1010 3658 1051 3718 de
1069 3676 1105 3718 se

56 3754 183 3839 publico
200 3754 355 3817 mudena
395 3752 572 3831 Numam
586 3750 760 3831 mmm
771 3772 826 3821 aes
838 3752 978 3819 alienum
989 3753 1051 3819 biit
1061 3773 1126 3817 nec
