2512 4192
145 164 185 237 4⁸
402 164 452 221 De
468 163 560 221 altera
572 168 660 238 patre
677 163 783 222 Decon'
799 183 873 240 quae
890 167 935 225 ad
971 163 1002 248 [1
1016 184 1121 228 xxxvl
1139 187 1190 245 132

144 333 356 394 elaborandum
376 342 428 402 est,
441 351 479 391 ne
499 330 590 390 animi
615 343 715 406 motus
742 351 761 391 a
787 344 891 392 natura
916 335 1079 396 recedant:
1114 339 1194 413 quod

144 448 341 506 assequemur,
369 427 394 488 si
420 429 588 489 cavebimus
615 449 653 490 ne
680 429 712 489 in
731 431 966 507 perturbationes
987 444 1079 511 atque
1100 435 1195 496 exani·

144 526 288 587 mationes
303 525 510 599 incidamus,et
528 526 553 586 si
570 538 699 588 attentos
717 526 832 588 animos
851 530 891 588 ad
907 530 1023 590 decoris
1042 551 1194 592 conserva·

144 622 255 684 tionem
275 621 449 683 tenebimus.
505 643 569 700 13²·
614 626 716 684 Motus
736 635 837 684 autem
857 625 1025 686 animorum
1061 628 1192 706 duplices

143 732 221 793 sunt,
259 720 342 782 alteri
362 721 556 799 cogitationis,
578 722 661 783 alteri
687 723 843 800 appetitus.
887 725 1038 803 Cogitatio
1067 727 1099 786 in
1125 748 1192 789 vero
1216 748 1226 797 ε

143 817 325 895 exquirendo
345 818 472 879 maxime
493 830 631 894 versatur,
660 807 807 897 appetitus
834 821 949 898 inpellit
970 823 1011 882 ad
1034 825 1190 900 agendum

144 917 316 978 Curandum
336 927 381 976 est
401 915 488 993 igitur
507 927 540 976 ut
560 916 737 994 cogitatione
757 919 797 978 ad
815 938 862 978 res
880 937 970 995 quam
988 919 1116 996 optimas
1133 931 1192 980 uta·

143 1032 215 1087 mur,
231 1011 392 1090 appetitum
405 1012 511 1073 rationi
525 1013 734 1074 oboedientem
747 1016 947 1092 praebeamus.

50 1111 128 1164 XVII
168 1108 214 1160 (¹³⁰)
249 1109 356 1151 nieorum
455 1113 494 1171 Et
508 1111 650 1188 quoniam
671 1131 778 1189 magna
791 1112 835 1172 vis
850 1112 1024 1173 orationis
1039 1125 1085 1174 est
1098 1134 1191 1193 eaque

142 1159 355 1271 gppwppeaeectppffi
393 1207 509 1284 duplex,
525 1208 615 1267 altera
628 1207 835 1281 contentionis,
850 1210 941 1268 altera
955 1209 1108 1285 sermonis,
1125 1229 1191 1270 con
1204 1232 1226 1267 ιο

141 1259 353 1354 iiiiiiiiiiiidm'
391 1304 485 1366 tentio
499 1304 760 1382 disceptationibus
774 1305 917 1365 tribuatur
926 1305 1113 1381 iudiciorum,
1126 1327 1192 1369 con·

142 1404 264 1480 tionum,
275 1416 410 1479 senatus;
428 1421 524 1462 sermo
534 1401 566 1462 in
576 1401 700 1476 circulis,
713 1402 968 1480 disputationibus,
981 1405 1192 1482 congressioni·

141 1503 195 1563 bus
210 1501 394 1562 familiarium
404 1510 540 1572 versetur,
553 1510 691 1576 sequatur
704 1498 793 1559 etiam
803 1499 955 1559 convivia:
994 1501 1191 1562 contentionis

141 1609 296 1677 praecepta
309 1599 458 1658 rhetorum
472 1607 548 1670 sunt,
564 1598 645 1655 nulla
658 1595 817 1656 sermonis:
839 1615 1020 1673 quamquam
1034 1599 1117 1658 haud
1131 1598 1190 1658 scio

141 1713 179 1755 un
199 1693 312 1771 possint
333 1695 407 1754 haec
428 1711 546 1770 quoque
567 1712 638 1753 esse.
682 1693 742 1752 Sed
763 1691 941 1752 discentium
958 1693 1064 1754 studiis
1082 1693 1226 1769 inveni-15

141 1803 228 1853 untur
248 1790 385 1869 magistri,
407 1790 478 1850 huic
497 1801 596 1851 autem
617 1789 668 1866 qui
689 1791 826 1849 studeant
847 1800 915 1849 sunt
935 1791 1023 1853 nulli:
1040 1793 1189 1853 rhetorum

166 1912 351 1965 samsom„
389 1887 474 1946 turba
487 1889 591 1947 referta
610 1885 719 1947 omnia.
739 1887 928 1962 Quamquam
943 1905 1020 1962 quae
1033 1889 1189 1948 verbomm

139 1964 350 2066 ididiam
388 1982 656 2058 sententiarumque
676 1992 833 2058 praecepta
853 1991 929 2054 sunt,
945 1982 1051 2041 eadem
1073 1983 1113 2042 ad
1133 2002 1189 2064 ser·

138 2065 248 2107 mim·
388 2100 507 2143 monem
522 2080 718 2159 pertinebunt.
777 2100 840 2156 133.
885 2081 945 2140 Sed
963 2100 1033 2140 cum
1048 2081 1188 2144 orationis

137 2176 266 2239 indicent
287 2198 391 2240 rocem
418 2181 589 2255 habeamus,
612 2180 643 2240 in
663 2200 737 2240 voce
765 2192 863 2241 autem
885 2181 945 2240 duo
967 2200 1136 2259 sequamur,
1156 2193 1188 2242 ut
1199 2207 1226 2241 m

137 2276 213 2335 clara
228 2274 272 2347 sit,
288 2285 320 2336 ut
341 2277 445 2352 suavis,
460 2288 618 2356 utrumque
639 2278 761 2339 omnino
781 2299 800 2338 a
820 2290 923 2337 natura
941 2281 1106 2356 petendum
1128 2293 1188 2355 est;

136 2389 236 2432 verum
264 2373 387 2434 alterum
414 2374 583 2436 exercitatio
618 2375 744 2454 augebit,
772 2378 896 2435 alterurn
930 2374 1056 2437 imitatio
1090 2397 1188 2454 presse

137 2468 321 2547 loquentium
342 2481 371 2531 et
392 2472 503 2534 leniter.
550 2472 633 2533 Nihil
653 2473 707 2533 suit
728 2473 759 2532 in
781 2472 901 2548 Catulis,
913 2484 946 2531 ut
966 2492 1019 2532 eos
1040 2475 1187 2552 exquisito

387 2567 498 2630 iudicio
511 2580 628 2645 putares
648 2567 692 2628 uti
711 2567 889 2642 litterarum,
910 2587 1092 2644 quamquam
1106 2581 1188 2631 erant

137 2651 350 2755 oefssffijssffg*
388 2664 514 2739 litterati,
530 2665 584 2725 sed
597 2675 627 2725 et
640 2662 698 2739 alii,
718 2664 749 2725 hi
772 2674 872 2723 autem
892 2663 1003 2740 optime
1024 2664 1069 2724 uti
1088 2665 1225 2744 linguam

387 2761 493 2824 Latina
513 2761 698 2839 putabantur.
750 2761 846 2821 Sonus
866 2772 929 2821 erat
949 2760 1053 2835 dulcis,
1075 2762 1187 2825 litterae

137 2879 234 2937 neque
252 2879 405 2937 expressae
426 2877 524 2936 neque
544 2876 710 2935 oppressae,
731 2876 770 2917 ne
790 2869 841 2916 aut
861 2858 1019 2918 obscumm
1038 2873 1119 2921 esset
1138 2871 1188 2921 aut

136 2957 284 3035 putidmm
297 2957 360 3019 sine
374 2953 564 3017 contentione
578 2972 636 3015 vat
659 2971 716 3013 nec
729 2955 872 3031 languens
886 2973 942 3014 nec
956 2974 1073 3017 canora
1107 2959 1188 3020 Ube-

136 3052 196 3113 rior
215 3052 308 3113 omtio
322 3055 355 3113 L
373 3050 470 3115 Crassi
491 3069 547 3111 nm
567 3048 666 3109 minus
686 3050 790 3122 faceta,
812 3050 866 3110 sed
886 3050 963 3110 bene
983 3052 1130 3129 loquendi
1149 3055 1187 3115 de

137 3148 249 3209 Catulis
270 3146 372 3225 opinio
388 3165 449 3209 non
468 3145 572 3206 minor.
615 3146 682 3206 Sale
694 3164 765 3205 tero
783 3156 813 3205 et
827 3145 940 3206 facetiis
954 3147 1073 3222 Caesar,
1088 3149 1187 3211 Catuli
1197 3175 1226 3224 30

135 3243 225 3323 putris
245 3245 340 3313 trater,
354 3242 423 3303 sicit
442 3261 554 3313 omnes,
568 3252 601 3301 ut
622 3239 653 3300 in
673 3241 724 3302 illo
744 3241 810 3319 ipso
823 3242 933 3302 forensi
944 3262 1053 3320 genere
1066 3244 1187 3307 dicendi

135 3339 342 3401 mutuationes
355 3338 479 3399 aliorum
493 3356 629 3399 sermone
642 3335 779 3398 vinceret.
822 3339 860 3397 In
874 3339 1013 3400 omnibus
1032 3340 1122 3419 igitur
1141 3341 1185 3403 his

135 3438 348 3501 elaborandum
381 3450 435 3509 est,
469 3437 494 3499 si
527 3437 559 3498 in
592 3436 675 3499 omni
704 3456 737 3498 re
762 3436 836 3515 quid
862 3438 968 3498 deceat
995 3439 1183 3517 exquirimus

389 3555 454 3613 ¹3⁴·
509 3534 552 3599 Sit
586 3554 657 3613 enm
685 3534 735 3597 hie
761 3554 869 3607 senno,
896 3536 928 3596 in
955 3556 1017 3615 quo
1042 3537 1184 3600 Socratici

136 3622 351 3721 Qssssffijffl'
387 3632 514 3695 marium
539 3634 697 3705 excellunt,
724 3632 800 3695 lenis
824 3633 1008 3712 minimeque
1040 3639 1218 3716 pertinanas

386 3731 455 3794 insit
475 3731 507 3793 in
526 3750 566 3793 eo
584 3732 676 3811 lelius.
718 3733 786 3793 Nec
803 3751 883 3797 iem
894 3744 1048 3811 tamquam
1067 3735 1100 3796 in
1118 3756 1182 3815 pos

130 3831 295 3897 armenem
314 3850 400 3895 suam
420 3829 541 3901 tenerit.
551 3830 691 3895 excludat
716 3829 802 3901 alios
827 3831 884 3893 sed
907 3851 979 3892 cum
1004 3833 1127 3912 reliquis
1150 3835 1196 3895 ia¹
