2512 4192
273 176 423 238 NOTES
462 177 582 235 BoouI
605 192 718 234 ccrvv
738 176 868 252 551415
1055 191 1109 251 157

64 347 87 396 is
103 326 179 412 giien
200 349 332 422 (probably
353 348 428 396 taken
449 347 513 395 from
531 347 693 410 Chrysippus)
714 347 746 395 de
766 346 809 395 fin.
824 359 845 396 11
866 350 879 406 5
900 362 930 409 45
955 349 1111 397 honestum

64 412 94 461 id
106 413 277 476 intellegamus,
292 413 357 476 quod
370 413 418 460 tale
432 419 466 460 est
481 419 516 471 ut,
529 412 634 459 detracta
650 412 719 460 omni
730 413 841 472 ulilitate,
856 414 909 460 sine
923 413 983 460 ullis
994 414 1112 475 praesciis

56 476 213 540 fruentum
227 484 275 540 per
293 493 318 525 se
333 477 412 540 ipsum
425 477 501 539 possit
520 477 575 523 iure
593 476 701 525 laudari.
746 477 817 536 Quod
832 478 903 540 quale
923 478 962 536 sit,
987 493 1038 525 non
1059 485 1111 526 tam

63 540 207 604 definitione,
229 557 278 604 qua
299 557 355 589 nem
376 557 443 599 usus,
461 541 568 603 intellegi
577 547 655 603 potest
675 542 833 604 (quoiusquam
855 542 1011 604 aliquantum
1024 544 1111 604 potest)

64 621 140 670 quam
154 607 280 654 communi
293 607 405 653 omnium
421 605 508 654 iudicio
523 612 546 652 et
560 605 646 668 optimi
660 605 772 668 cuiusque
786 606 876 654 studiis
891 612 963 669 atque
970 607 1055 669 saetis,
1069 608 1114 670 qui

59 671 186 734 permulta
207 671 236 719 ab
260 686 313 719 eam
339 685 417 718 unam
441 685 539 718 causam
554 670 664 732 faciunt,
685 671 743 732 quia
764 670 829 728 decet,
851 671 909 733 queo
931 678 1029 731 rectum,
1052 672 1111 735 quia

64 735 190 784 honestum
201 741 241 793 est,
253 735 296 783 etsi
306 735 405 782 nullum
416 741 599 783 comecuturum
609 735 795 782 cntolummtum
806 735 895 783 vident.

113 818 183 863 Lll.
218 815 398 875 nobilitatum]
425 814 466 863 ie.
481 815 668 862 multitudini
683 815 843 878 probatum,
859 814 952 863 ‘would
964 816 995 864 be
1005 815 1111 864 honour·

65 880 129 939 able,
143 895 206 928 even
222 879 317 963 thoussh
334 886 379 927 not
397 879 522 942 generally
538 878 664 927 admired.’
697 879 818 927 Nobilis
836 877 1010 943 (noscibilis)
1031 881 1111 929 ‘what

65 959 122 1008 may
132 944 165 993 be
180 945 286 992 known:
311 944 389 992 hence
401 944 563 991 nobilitare
575 943 595 992 is
610 945 650 990 ‘to
661 943 734 991 make
745 943 853 1000 known‚'
872 947 910 993 ‘to
921 945 989 992 noise
1000 944 1111 1003 abroad,'

65 1024 105 1072 cp.
124 1020 146 1057 11
169 1011 183 1068 5
205 1008 237 1058 26
253 1009 371 1057 Phalaris
392 1009 462 1056 cuius
477 1014 511 1056 est
525 1008 590 1055 inter
607 1014 690 1055 ceteros
707 1009 866 1056 nobilitata
888 1010 1036 1056 crudelitas..
1057 1010 1112 1058 The

64 1073 163 1122 remark
183 1073 203 1122 is
217 1073 300 1122 aimed
315 1081 340 1121 at
352 1069 480 1136 Epicurus'
498 1073 615 1120 assertion
629 1073 681 1120 that
698 1072 720 1119 if
733 1072 844 1135 pleasure
861 1073 903 1120 did
920 1081 964 1121 not
981 1073 1112 1122 constitute

66 1137 108 1187 the
118 1138 253 1197 honestum,
264 1138 295 1186 he
311 1137 354 1186 did
368 1145 412 1185 not
428 1138 503 1184 know
513 1137 580 1185 what
592 1137 641 1184 else
652 1137 703 1196 did,
717 1138 799 1186 unless
810 1138 829 1185 it
840 1137 919 1200 might
930 1138 962 1185 be
973 1138 1112 1202 something

66 1203 132 1266 quad
147 1209 205 1250 esset
209 1203 328 1265 populari
331 1202 408 1266 sauia
419 1203 559 1265 glorahsum,
573 1202 605 1250 de
616 1200 658 1249 fin.
674 1213 695 1249 11
707 1203 720 1261 5
732 1204 769 1263 48.
815 1202 902 1265 Comp.
915 1202 949 1249 ib.
961 1204 974 1261 5
991 1217 1022 1264 49
1032 1203 1111 1266 philo·

65 1266 153 1330 sophus
175 1266 415 1315 nobilcs...honestum
435 1267 496 1329 quid
514 1267 553 1324 sit,
576 1266 600 1313 si
616 1266 645 1313 id
669 1281 719 1313 nan
742 1267 775 1314 sit
796 1266 824 1314 in
849 1267 974 1329 voluptate,
1000 1273 1071 1330 negat
1090 1284 1114 1315 se

66 1331 208 1394 intellegere,
227 1332 278 1379 nisi
284 1331 353 1394 forte
374 1331 440 1379 illud
458 1331 524 1394 quod
538 1330 705 1378 multitudinis
722 1346 819 1379 runcare
837 1331 967 1379 laudetur:
988 1331 1014 1379 in
1031 1332 1112 1380 which

65 1411 169 1460 passage
191 1396 280 1445 Cicero
302 1411 408 1445 answers
426 1395 480 1457 Ego
498 1402 578 1443 autem
598 1396 641 1443 hoc
661 1395 734 1443 etiam
755 1401 825 1457 turpe
842 1411 888 1443 esse
905 1403 972 1458 saepe
988 1397 1067 1444 iudico
1083 1403 1111 1451 et,

65 1461 88 1508 si
102 1460 202 1524 quando
214 1467 286 1523 turpe
302 1477 351 1508 non
365 1460 403 1519 sit,
417 1465 470 1507 tunt
484 1476 529 1507 esse
544 1475 594 1508 non
608 1467 685 1522 turpe,
699 1475 753 1507 eunt
764 1460 793 1507 id
800 1475 816 1507 a
828 1460 984 1508 multitudine
993 1461 1111 1519 laudetur,

64 1525 132 1637 itt
143 1525 179 1637 l·
190 1523 824 1637 lh?illeiisilla‘'liliollldlltilmd
907 1541 1011 1637 tlt
1023 1533 1116 1636 lm}

64 1655 89 1702 si
102 1606 248 1717 eginoldum
263 1653 291 1701 id
303 1624 412 1702 hominel
428 1604 467 1701 hel
479 1652 503 1700 si
516 1652 695 1710 obmutuissent,
709 1625 758 1700 sud
768 1605 1115 1717 tanzhuputctrtlhltne'esvslt

64 1719 182 1782 specieque
199 1719 329 1767 laudabile.
363 1718 429 1766 Thai
446 1718 475 1776 is,
494 1718 619 1766 honestum
637 1718 657 1766 is
674 1733 702 1766 so
719 1721 790 1778 φύσει
809 1726 852 1766 not
870 1720 941 1766 θέσει.
976 1718 1023 1782 Cp.
1042 1719 1113 1768 Plato

65 1785 98 1832 de
116 1783 180 1847 Rep.
204 1794 225 1830 11
249 1799 273 1846 p.
300 1781 346 1844 366
368 1784 459 1831 τοιόνδε
479 1800 504 1830 τι
526 1783 626 1843 ἀγαθόν,
646 1779 660 1829 δ
682 1779 798 1841 δεξαίμεθ’
813 1783 842 1830 δν
862 1785 927 1843 ἔχειν
944 1785 971 1831 oh
990 1786 1036 1830 τῶν
1055 1784 1113 1831 ἀπο-

64 1849 196 1910 βαινόντων
210 1848 329 1907 ἐφιέμενοι
346 1844 401 1894 ἀλλ’
418 1849 475 1895 αιἰιδ
493 1846 565 1895 αὑτοῦ
581 1849 648 1895 ἕνεκα
664 1845 836 1910 drussiacum:
859 1847 892 1896 ib.
914 1863 938 1911 p.
957 1850 1004 1909 358
1020 1861 1039 1896 n
1055 1864 1113 1897 con·

65 1913 169 1976 cerning
190 1912 233 1960 the
250 1912 354 1976 popular
372 1912 458 1960 notion
480 1912 508 1960 of
524 1912 626 1974 justice:
650 1913 714 1960 δοκεῖ
733 1914 781 1961 τοῖς
803 1914 978 1961 πολλοῖς...τοῦ
1000 1914 1113 1961 ἐπιπόνου

65 1980 149 2033 εἴδους,
167 1975 182 2024 δ
197 1979 288 2033 μισθῶν
309 1977 331 2024 θ’
348 1977 416 2024 ἕνεκα
432 1978 472 2024 ral
489 1978 659 2036 εὐδοκιμήσεων
677 1977 715 2024 διὰ
732 1978 801 2035 δόξαν
820 1978 990 2037 ἐπιτηδευτέον,
1013 1979 1071 2026 αὐτὸ
1089 1979 1114 2025 δέ

65 2039 93 2090 δι’
104 2043 164 2090 αὐτὸ
175 2043 289 2102 φευκτέον
300 2041 329 2091 ὡς
340 2039 366 2089 δν
377 2039 500 2102 χολεπόνε
519 2042 553 2089 ib.
565 2056 590 2105 p.
603 2040 648 2103 361
661 2052 684 2097 c,
699 2038 745 2104 363
756 2053 783 2088 n.

112 2125 131 2172 1.
147 2127 186 2172 22.
219 2135 237 2172 a
246 2122 330 2183 nullo]
341 2122 388 2186 iq.
401 2123 496 2170 nentina
507 2121 589 2170 which
603 2122 624 2170 is
635 2137 693 2185 very
705 2122 783 2185 rarely
795 2122 861 2181 used,
877 2122 966 2186 Zumpt
977 2122 1020 2170 Gr.
1032 2123 1045 2181 5
1056 2119 1112 2183 676.

484 2266 657 2316 CHAPTER
673 2266 697 2313 V

114 2368 128 2426 5
147 2371 192 2426 10,
211 2369 230 2414 1.
243 2369 281 2413 24.
314 2363 443 2424 Formam]
477 2365 523 2428 Cp.
538 2364 569 2413 de
583 2363 626 2413 fin.
639 2376 660 2412 11
672 2366 685 2423 5
696 2365 727 2426 48
742 2364 814 2413 habes
832 2365 939 2428 undi'que
956 2367 1073 2428 expletam
1093 2373 1116 2414 et

59 2432 193 2496 perficiam
200 2430 332 2495 sormam
349 2429 487 2487 honestatis,
500 2444 562 2492 quae
573 2436 622 2477 tota
636 2435 752 2491 quattuor
766 2429 805 2477 his
821 2430 954 2477 virtutibus
968 2431 1111 2490 continetur,

65 2498 98 2544 de
109 2496 152 2544 off.
165 2507 175 2543 1
191 2497 204 2555 5
222 2510 266 2557 103
285 2501 316 2541 ut
329 2495 364 2541 ad
376 2495 449 2556 officii
454 2493 580 2555 formam
596 2500 755 2542 revertamur.
789 2495 881 2542 Forma
898 2495 1030 2555 embodies,
1036 2496 1113 2558 flectes

65 2559 210 2626 personifies
220 2558 299 2607 moral
309 2559 440 2622 goodness.

113 2644 133 2689 1.
156 2645 194 2690 26.
229 2639 314 2699 Puto]
345 2639 474 2688 Phaedrus
495 2639 535 2686 ch.
558 2635 597 2700 65,
619 2654 643 2702 p.
671 2653 718 2699 250
738 2650 764 2698 D,
790 2639 843 2700 ὄψις
865 2638 921 2697 ἡμῖν
944 2636 1046 2697 ὀξυτάτη
1067 2637 1115 2687 τῶν

66 2707 105 2754 διὰ
121 2702 166 2754 τοῦ
186 2704 296 2763 σώματος
317 2705 415 2765 ἔρχεται
437 2705 578 2762 αἰσθήσεων,
599 2701 614 2765 ᾖ
636 2705 748 2764 φρόνησις
771 2705 815 2764 οὐχ
837 2701 929 2764 dodras·
950 2705 1037 2752 δεινοὺς
1065 2708 1114 2766 γὰρ

64 2771 95 2819 ts
111 2771 228 2832 παρεῖχεν
244 2771 340 2830 ἔρωτας,
355 2770 378 2816 el
388 2785 411 2815 τι
426 2770 532 2816 τοιοῦτον
545 2769 629 2826 ἑαυτῆς
643 2770 743 2828 ἐναργές
758 2769 854 2815 εἴδωλον
866 2769 995 2829 παρείχετο
1012 2772 1043 2818 els
1060 2770 1115 2830 ὄψιν

65 2837 107 2893 ltu,
127 2834 185 2884 thus
201 2833 336 2882 translated
353 2833 388 2896 by
405 2833 492 2881 Cicero
511 2834 543 2880 de
558 2832 601 2882 fin.
618 2845 640 2880 11
659 2843 688 2892 52
708 2833 832 2881 oculorum
851 2838 885 2880 est
903 2833 930 2879 iu
950 2832 1016 2881 nobis
1031 2849 1114 2881 sensus

64 2901 209 2954 haudmar,
226 2898 313 2960 quihus
333 2898 476 2961 sapientium
495 2913 545 2945 non
562 2897 692 2945 cemimus.
728 2898 809 2957 Qacam
831 2897 876 2945 illa
896 2897 1005 2945 ardentes
1022 2914 1114 2946 artiores

65 2965 182 3013 armaret
191 2962 244 3011 suil
259 2962 341 3010 uthere
353 2962 456 3025 Madvig
470 2962 585 3010 observes
600 2977 632 3010 on
647 2961 689 3010 the
703 2969 801 3024 present
810 2976 913 3024 passage
926 2961 1015 3025 ‘paulo
1031 2963 1113 3026 negle-

64 3028 165 3093 gentius
187 3028 219 3076 ab
240 3027 361 3075 honesti
379 3027 456 3075 verbo
479 3033 504 3075 et
523 3026 624 3075 notione
645 3026 745 3084 orditur,
770 3042 845 3090 quam
865 3027 917 3089 ipse
937 3027 1064 3085 tractabat,
1087 3028 1112 3075 in

66 3091 234 3157 sapientiae
245 3107 319 3156 quam
331 3092 402 3140 Plato
413 3089 557 3146 nominarat,
570 3090 675 3139 desinit!
711 3090 736 3138 H
739 3091 793 3139 eine
804 3091 865 3139 after
877 3090 989 3138 Gerhard
1000 3091 1114 3140 brackets

64 3157 200 3222 saptentiae
215 3171 242 3204 as
263 3155 385 3204 doubtful.
419 3155 475 3215 But,
495 3172 522 3205 as
538 3155 628 3219 Zumpt
644 3155 761 3214 remarks,
781 3156 815 3218 by
832 3156 949 3218 sapientia
969 3171 1007 3204 we
1028 3172 1070 3205 are
1088 3165 1114 3204 to

65 3221 218 3272 understand
229 3221 376 3284 knowledge
387 3220 416 3268 oi
423 3220 465 3269 the
479 3219 636 3269 ‘honestum’

114 3305 133 3352 t
147 3306 186 3350 29.
207 3313 297 3350 rerum
307 3303 503 3349 conuectarum
513 3300 572 3361 lide]
592 3298 700 3349 ‘faithful
711 3300 861 3349 observance
872 3299 901 3348 of
909 3299 1049 3360 contracts,'
1061 3303 1074 3361 5
1084 3316 1113 3364 23

66 3367 186 3416 deltarum
196 3371 413 3428 conventorumque
422 3365 557 3413 constantia
566 3379 575 3413 :
590 3367 604 3424 5
616 3380 629 3425 5
633 3378 646 3425 3
659 3366 743 3412 multas
753 3380 808 3412 cum
820 3365 905 3413 multis
919 3381 957 3414 res
967 3367 1116 3429 rationesque

66 3437 250 3488 contractae‚·
266 3441 287 3478 11
305 3431 319 3490 5
333 3445 366 3491 40
381 3430 427 3493 qui
442 3430 611 3478 contrahendis
625 3430 723 3492 negotiis
740 3429 907 3492 implicantur,
925 3431 938 3490 5
955 3428 987 3490 64
1003 3431 1031 3478 in
1048 3432 1117 3479 omui

67 3513 94 3544 re
107 3494 317 3554 contrahenda,
334 3495 456 3542 vendendo
471 3494 575 3554 mtendo,
594 3494 743 3543 conducendo
758 3495 864 3555 locando,
884 3505 918 3543 111
935 3494 965 3545 61
983 3496 1114 3543 tollendum

66 3577 96 3609 ex
106 3560 175 3610 relus
185 3558 392 3608 contrahendis
405 3574 476 3607 amm
484 3558 645 3608 mendacium.

113 3644 133 3690 1.
153 3644 190 3689 δι
224 3641 316 3688 ordine
337 3643 366 3688 et
385 3638 473 3699 modo]
500 3638 543 3686 ie.
563 3638 679 3688 ordinis
700 3638 929 3688 conservatione
953 3638 1066 3703 (εὐταξία)
1089 3647 1114 3687 et

67 3703 281 3755 moderatione

114 3789 184 3834 182.
218 3786 248 3832 ln
259 3796 310 3839 quo
321 3783 540 3844 tnestmodestla]
566 3782 996 3833 ‘whichconstitutesmoderation.'

115 3877 184 3925 quae
201 3864 339 3924 quonum]
354 3864 591 3915 sehonestorum
612 3879 732 3932 genera.
766 3864 815 3918 See
824 3864 925 3916 lntrod.
937 3866 956 3926 5
967 3865 1006 3915 n.
1031 3863 1125 3932 Qum
