2512 4192
78 165 192 222 Ixtrn
211 161 280 244 154]
421 166 612 225 Hunnorum
633 168 802 242 conparatio

34 320 65 369 11
100 391 115 432 S
399 347 463 407 152.
501 332 560 391 Sed
579 333 617 391 ab
640 330 675 390 iis
697 330 827 407 partibus
845 350 922 407 quae
940 344 1008 393 sunt
1026 334 1132 393 hones·

116 391 198 433 econd
207 401 283 443 gene·

99 435 277 535 1)τὲὲέξὲξὲἑο
335 428 409 502 tatis,
423 448 512 504 quem
532 431 572 489 ad
594 430 718 488 modurn
737 428 834 488 officia
852 429 1030 489 ducerentur
1062 429 1131 489 satis

335 526 499 602 expositum
513 526 638 586 videtur.
670 529 781 586 Eorum
795 538 895 586 autem
909 525 1040 602 ipsorum
1056 546 1131 604 quae

105 626 127 664 Α
154 624 297 674 ⁰⁰¹¹¹1³²r³t³v0
336 625 462 682 honesta
488 633 556 682 sunt
579 633 678 700 potest
705 622 836 682 incidere
864 641 952 698 saepe
980 623 1131 683 contentio

79 676 178 715 estimare
185 677 207 714 of
211 676 246 714 the
253 675 300 714 four

78 725 201 815 {ffiss’fi
209 725 296 816 diffidi}
338 729 367 778 et
387 718 569 795 comparatio
592 720 631 778 de
653 719 770 778 duobus
797 717 931 778 honestis
958 729 1057 777 utrum
1081 720 1132 777 ho·
1161 727 1175 777 5

78 826 286 916 ³⁰¹,i'ff‘ffssfff-,w
335 815 548 892 nestius,-qui
563 817 646 876 locus
658 835 675 874 a
687 815 828 875 Panaetio
843 825 887 875 est
900 815 1129 893 praetermissus

335 915 414 972 Nam
437 931 506 971 cum
533 912 631 972 omnis
658 913 797 972 honestas
825 924 925 972 manet
954 931 972 970 a
998 912 1131 989 partibus

80 1024 231 1088 quattuor,
261 1029 384 1089 quarum
412 1029 472 1068 una
499 1008 536 1068 sit
563 1008 750 1087 cognitionis,
779 1011 870 1070 altera
896 1010 1128 1083 communitatis,

80 1108 168 1168 tertia
188 1104 445 1186 magnanimitatis,
466 1115 571 1181 quarta
591 1105 812 1179 moderationis,
831 1107 907 1166 haec
925 1105 956 1165 in
974 1107 1132 1184 deligendo

81 1204 181 1264 officio
201 1223 289 1281 saepe
310 1203 386 1262 inter
406 1220 438 1261 se
455 1213 663 1277 comparentur
679 1220 802 1262 necesse
821 1213 875 1263 est
922 1220 986 1280 153.
1031 1204 1132 1264 Placet
1146 1220 1176 1254 10

105 1350 155 1391 The
177 1349 245 1390 nutes
266 1321 296 1400 a,
326 1298 420 1376 igitur
443 1297 557 1374 aptiora
584 1318 648 1358 esse
673 1309 793 1358 naturae
818 1319 854 1359 ea
877 1300 974 1360 officia
994 1319 1070 1376 quae
1095 1319 1132 1360 ex

80 1400 151 1490 ffih
171 1400 297 1490 gffiulifflffg
334 1393 555 1467 communitate,
570 1413 661 1470 quam
681 1415 812 1472 eaquae
833 1416 870 1456 ex
889 1397 1059 1474 cognitione
1079 1399 1132 1458 du-

79 1500 298 1591 guicngcieantagpg
334 1502 446 1565 cantur,
465 1491 556 1567 idque
574 1493 633 1551 hoc
650 1503 823 1568 argumento
840 1493 1005 1554 confirmari
1023 1506 1129 1572 potest,

80 1601 297 1660 txoconflictinsdu·
336 1589 427 1667 quod,
452 1587 477 1648 si
497 1588 651 1665 contigerit
664 1609 701 1648 ea
714 1589 774 1649 vita
795 1589 929 1666 sapienti,
949 1601 982 1651 ut
996 1591 1130 1651 omnium

80 1660 297 1802 :Epirgrrimqpptens
334 1705 431 1746 rerum
455 1684 641 1745 affluentibus
669 1685 763 1762 copiis
791 1686 899 1760 omnia,
925 1707 1002 1764 quae
1029 1687 1173 1765 cogni-15

80 1801 295 1861 spontaanatuefe-
333 1792 413 1841 trone
435 1780 525 1861 digna
546 1780 612 1855 sint,
635 1801 753 1842 summo
773 1782 836 1842 otio
855 1801 957 1842 secum
976 1783 1040 1861 ipse
1061 1804 1131 1845 con·

80 1851 295 1952 {iiidiffssif'pssssl
333 1877 440 1938 sideret
455 1889 484 1938 et
499 1881 725 1956 contempletur,
745 1891 852 1954 tamen,
865 1880 890 1940 si
905 1881 1033 1942 solitudo
1048 1893 1130 1944 tanta

81 1952 295 1992 nrotestheinterests
352 1975 358 1986 ·
520 1974 526 1986 ·
641 1975 647 1988 ·
908 1976 914 1988 .

80 2001 297 2051 amaminor,
335 1986 373 2035 srt
393 1985 426 2035 ut
445 1975 600 2034 hommem
620 1977 720 2036 videre
747 1996 808 2037 non
835 1989 936 2053 possit,
965 1981 1089 2047 excedat
1113 2001 1130 2042 e

80 2051 129 2092 held
139 2053 161 2091 in
169 2061 254 2101 greater
263 2064 293 2091 es·
352 2072 358 2084 ·
476 2072 482 2084 ·
725 2073 731 2085 ·
821 2073 826 2085 ·
958 2074 963 2085 ·
1073 2075 1079 2086 ·

81 2101 294 2142 ,mmmmm
331 2083 399 2132 vita.
436 2075 636 2149 Princepsque
651 2093 785 2135 omnium
799 2084 941 2133 vrrtutum
955 2077 1006 2134 illa
1018 2095 1130 2152 sapien-

83 2151 223 2203 K¹¹⁰w¹²d⁸²¹
334 2171 376 2232 tia
402 2190 492 2247 quarn
520 2171 628 2244 σοφίαν
661 2170 767 2230 Graeci
793 2171 1129 2248 vocant-prudentiam
1143 2197 1174 2231 νο

82 2264 170 2338 enim,
201 2283 292 2341 quam
316 2263 423 2324 Graeci
450 2261 598 2338 φρόνησιν,
626 2261 715 2321 aliam
741 2264 894 2338 quandam
922 2263 1128 2342 intellegimus

84 2380 161 2437 quae
183 2372 230 2421 est
248 2380 346 2420 rerum
370 2361 603 2436 expetendarum
626 2360 892 2437 fugiendarumque
912 2361 1053 2437 scientia,
1080 2363 1131 2422 illa

84 2468 185 2517 autem
206 2455 350 2533 sapientia
363 2474 453 2531 quam
472 2456 637 2533 principem
658 2456 718 2515 dixi
738 2476 836 2516 rerum
851 2468 898 2517 est
917 2457 1081 2518 divinarum
1100 2471 1130 2520 et

84 2556 281 2615 humanarum
301 2552 432 2624 scientia,
455 2552 486 2612 in
507 2573 567 2630 qua
587 2553 754 2613 continetur
774 2555 898 2614 deorum
922 2567 952 2615 et
975 2555 1129 2615 hominum

84 2649 283 2712 communitas
303 2659 333 2709 et
354 2648 479 2708 societas
500 2647 576 2708 inter
596 2649 754 2726 ipsos—ea
771 2649 796 2709 si
814 2649 943 2708 maxima
961 2661 1014 2723 est,
1029 2663 1062 2712 ut
1075 2663 1127 2724 est,
1143 2679 1172 2728 25

83 2759 162 2810 certe
179 2765 301 2807 necesse
319 2755 364 2806 est
378 2745 460 2821 quod
474 2765 493 2804 a
505 2746 719 2806 communitate
737 2749 861 2808 ducatur
875 2747 1005 2806 officium
1019 2747 1051 2808 id
1065 2768 1129 2810 esse

331 2841 500 2902 maximum
549 2841 668 2902 Etenim
696 2843 826 2920 cognitio
853 2846 1127 2923 contemplatioque

83 2929 300 3022 ὼᾞῇξξρξῇξξξῑξξ
336 2935 584 2999 naturae'manca
603 2940 734 3016 quodam
761 2940 852 3000 modo
875 2952 965 3018 atque
991 2942 1131 3005 inchoata

83 3030 296 3133 anglum
334 3033 379 3106 sit,
395 3034 420 3094 si
434 3037 514 3095 nulla
527 3035 606 3096 actio
620 3057 717 3098 rerum
731 3050 935 3115 consequatur.
972 3043 1016 3100 Ea
1030 3053 1129 3102 autem

83 3130 296 3232 fflffigy‘he
333 3129 411 3190 actio
431 3129 462 3189 in
482 3130 638 3192 hominum
662 3133 828 3193 commodis
856 3134 973 3195 tuendis
1001 3137 1128 3198 maxime
1143 3161 1173 3209 30

256 3211 263 3224 ⁹
333 3225 460 3287 cernitur
466 3248 476 3301 3
502 3227 630 3304 pertinet
650 3226 738 3306 igitur
758 3230 796 3289 ad
817 3229 990 3290 societatem
1013 3232 1128 3308 generis

84 3321 222 3383 humani:
243 3341 312 3399 ergo
326 3324 401 3383 haec
414 3323 576 3402 cognitioni
593 3326 804 3401 anteponenda
823 3336 875 3386 est„
922 3344 986 3403 154.
1029 3331 1128 3405 Atque

84 3419 114 3480 id
126 3419 255 3499 optimus
274 3420 399 3500 quisque
417 3422 513 3500 reipsa
535 3422 665 3483 ostendit
682 3432 711 3483 et
728 3421 847 3484 iudicat
888 3424 964 3500 Quis
982 3425 1061 3486 enirn
1084 3440 1128 3488 est

129 3617 222 3683 9haec
238 3617 351 3667 Bucam
369 3620 442 3677 corda,
462 3635 506 3669 eae
528 3619 566 3668 Or
598 3622 608 3676 11
648 3635 676 3679 r4
698 3619 768 3668 utin
782 3621 893 3669 omniurn
915 3621 953 3670 Or
966 3637 1022 3670 cum
1038 3621 1129 3671 derebus

84 3697 143 3746 codd.
173 3702 183 3756 ΙΙ
212 3712 239 3760 15
252 3701 364 3762 quamvis
373 3702 457 3750 omnia
470 3702 577 3749 codicum
587 3709 649 3748 corr.
662 3701 807 3757 Lambinus,
816 3701 922 3764 probant
936 3703 976 3749 Bu
997 3702 1076 3750 Heine
1088 3704 1127 3751 Lu

88 3781 97 3833 tl
114 3792 145 3840 u,
159 3780 263 3830 deorum
274 3788 299 3829 et
307 3786 337 3828 ut
346 3781 376 3828 ab
386 3781 429 3828 hot
439 3781 486 3830 loco
496 3782 581 3830 aliena
591 3782 689 3831 seclusit
699 3783 740 3832 Bu
747 3789 803 3850 post
814 3783 991 3834 Gernhurdum
1011 3788 1029 3843 tt
1052 3785 1084 3836 nt
1094 3801 1135 3836 νε·

87 3871 134 3906 rum
143 3869 277 3908 natutae...
285 3861 353 3907 nulia
363 3860 429 3909 actio
438 3871 607 3929 consequatur
618 3866 659 3916 Ba
672 3867 758 3920 Heine
793 3872 805 3930 tt
844 3885 877 3936 33
893 3884 987 3936 reapse
1000 3868 1038 3920 or
