2512 4192
78 122 277 206 11xv11163]
462 149 534 205 quae
542 133 665 207 pecunia
676 130 739 208 fiat
1091 135 1128 208 83

79 289 118 350 de
141 291 201 351 hoo
223 311 330 370 genere
353 306 417 357 toto
436 295 467 356 in
484 279 524 357 iis
542 297 631 372 libris,
655 317 730 375 quos
755 299 793 359 de
816 317 848 358 re
874 297 993 374 publica
1015 295 1126 374 scnpsi,

105 434 164 477 Such
194 407 296 488 Qum
334 392 489 470 diligenter
514 406 559 455 est
590 394 778 472 disputatum.
829 396 908 455 Tota
938 393 1025 472 igitur
1052 392 1148 493 ratio‘

78 486 184 578 3241&
193 501 295 580 ,3¹0ng
333 491 435 553 talium
455 491 647 570 largitionum.
661 511 768 570 genere
788 490 894 552 vitiosa
914 503 966 564 est,
991 502 1127 569 tempon·

78 599 159 678 ffi·
172 588 295 681 ffidliffi
332 588 388 648 bus
414 588 586 662 necessaria,
610 600 640 650 et
658 601 722 648 tum
744 587 841 665 ipsum
860 598 889 648 et
914 589 953 648 ad
973 589 1126 647 facultates

81 687 189 780 32?de
198 689 293 732 anama
332 686 587 747 accommodanda
627 696 657 745 et
698 684 901 745 mediocritate
943 685 1125 744 moderanda
1156 696 1169 745 5

333 792 386 841 est.
436 784 483 841 61.
526 785 563 841 In
592 781 643 842 illo
666 792 766 841 autem
789 782 881 841 alter'o
907 800 1014 858 genere
1042 781 1125 858 largi-

107 888 136 939 o)
153 888 295 933 orarum·
333 875 411 950 endi,
429 877 511 954 quod
532 897 551 936 a
569 877 742 938 liberalitate
762 875 962 954 proficiscitur,
980 896 1043 937 non
1062 897 1124 938 uno

82 938 139 998 fill·
173 941 242 981 Rules
262 942 295 983 sor

81 991 296 1083 {ffirwgsssrtmfflg
333 976 424 1035 modo
443 975 474 1034 in
504 975 666 1052 disparibus
694 974 790 1034 causis
819 973 927 1035 adfecti
954 993 1018 1035 esse
1038 975 1125 1035 debe·

82 1089 246 1133 circumsanoes
262 1092 297 1151 ,or
332 1090 406 1130 mus.
448 1071 516 1131 Alia
534 1092 623 1132 causa
644 1084 688 1134 est
712 1071 856 1148 eius,'qui
875 1072 1040 1132 calamitate
1061 1092 1124 1150 pre-

82 1139 296 1243 {iiiiiililiflri
333 1168 429 1243 mitur,
451 1169 572 1243 eteius,
594 1169 645 1247 qui
665 1189 712 1230 res
735 1168 870 1231 meliores
896 1169 1008 1246 quaerit
1035 1171 1123 1231 nullis
1141 1187 1169 1221 ιο

82 1239 168 1283 dem
333 1266 392 1327 suis
413 1269 500 1328 rebus
519 1267 657 1329 adversis.
706 1269 753 1327 62.
797 1267 973 1345 Propensior
993 1267 1123 1344 benigni-

81 1368 125 1417 tas
142 1377 209 1420 esse
226 1360 346 1423 debebit
362 1363 393 1422 in
412 1363 606 1438 calamitosos,
630 1362 686 1424 nisi
705 1365 779 1425 forte
798 1362 883 1424 erunt
902 1363 983 1440 digni
1001 1364 1120 1423 calami·

81 1464 149 1514 tate
194 1459 232 1515 In
248 1457 284 1517 iis
297 1470 405 1533 tamen,
420 1461 472 1538 qui
486 1481 517 1522 se
533 1460 664 1521 adiuvari
682 1463 791 1534 volent,
807 1479 869 1521 non
883 1480 921 1520 ne
935 1459 1117 1537 adfligantur,

82 1552 136 1610 sed
148 1563 183 1612 ut
197 1551 331 1616 altiorem
348 1558 471 1634 gradum
489 1549 658 1632 ascendant,
677 1557 799 1617 restricti
818 1555 940 1617 omnino
957 1577 1021 1618 esse
1040 1558 1122 1616 nullo

83 1649 176 1709 modo
191 1651 343 1728 debemus,
362 1655 415 1714 sed
432 1653 464 1713 in
480 1654 642 1732 deligendis
660 1653 774 1715 idoneis
793 1653 934 1714 iudicium
953 1665 983 1715 et
1002 1652 1122 1731 diligen·
1138 1673 1166 1722 15

83 1743 155 1806 tiam
169 1748 319 1811 adhibere.
361 1754 440 1812 Nam
453 1755 599 1829 praeclare
613 1752 746 1814 Ennius:

302 1882 368 1932 Bene
375 1881 448 1948 fricta
464 1885 527 1934 male
541 1882 617 1934 locdla
633 1883 696 1932 male
703 1882 775 1947 sacta
790 1883 903 1934 drbrlror.

84 1992 130 2069 63.
175 1995 268 2070 Quod
286 2009 384 2059 autern
400 1999 539 2060 tributum
556 2009 601 2060 est
617 2000 699 2059 bono
718 1998 781 2060 viro
800 2010 829 2060 et
843 2011 933 2077 grato,
956 1998 986 2057 in
1001 2016 1038 2058 eo
1052 2017 1122 2058 cum

83 2107 119 2148 ex
138 2088 207 2168 ipso
226 2094 335 2155 fructus
356 2106 401 2156 est
424 2106 487 2156 tum
515 2096 604 2157 etiam
624 2115 661 2156 ex
680 2095 792 2156 ceteris.
834 2095 1014 2156 Temeritate
1042 2095 1122 2154 enim

81 2199 197 2248 remota
216 2189 379 2266 gratissima
399 2203 443 2253 est
463 2192 627 2266 liberalitas,
649 2211 745 2270 eoque
766 2211 832 2252 eam
852 2191 1011 2252 studiosius
1038 2190 1122 2268 pleri·
1136 2221 1167 2255 ro

83 2301 139 2358 que
153 2285 291 2376 laudant,
314 2289 395 2364 quod
415 2289 522 2348 summi
545 2288 687 2365 cuiusque
707 2288 824 2348 bonitas
847 2307 1006 2349 commune
1027 2289 1123 2364 perfu·

107 2423 173 2464 What
198 2431 245 2466 acts
273 2424 298 2466 or
331 2383 413 2461 gium
433 2397 478 2446 est
498 2385 639 2446 omnium.
682 2385 790 2445 Danda
809 2384 896 2463 igitur
916 2404 1006 2462 opera
1026 2394 1070 2444 est
1091 2394 1123 2444 ut

84 2472 296 2584 {gssgffifflss
332 2479 368 2541 iis
391 2482 540 2544 beneficiis
565 2483 819 2560 quamplurimos
843 2482 1024 2554 adficiamus,
1052 2500 1123 2558 quo-

84 2586 183 2618 m*
332 2600 399 2640 rum
419 2580 560 2641 memoria
580 2579 677 2641 liberis
704 2580 888 2657 posterisque
914 2582 1062 2657 prodatur,
1091 2592 1124 2639 ut

85 2675 117 2736 iis
136 2676 258 2756 ingratis
274 2697 338 2739 esse
354 2698 416 2739 non
436 2678 531 2739 liceat.
576 2679 689 2747 Omnes
712 2678 792 2738 enim
809 2677 1014 2737 immemorem
1034 2679 1123 2737 bene·
1136 2697 1166 2746 25

85 2771 141 2833 ficii
161 2775 295 2849 oderunt,
309 2794 434 2852 eamque
454 2774 589 2834 iniuriam
616 2775 648 2834 in
672 2775 847 2835 deterrenda
873 2773 1046 2834 liberalitate
1068 2772 1123 2833 sibi

86 2869 172 2930 etiam
192 2869 256 2931 fieri
276 2889 413 2948 eumque,
434 2870 485 2948 qui
501 2869 597 2945 saciat,
615 2889 803 2931 communem
818 2871 941 2955 vhostem
957 2869 1124 2930 tenuiorum

86 2977 196 3040 putant.
237 2969 338 3044 Atque
358 2968 433 3027 haec
456 2967 621 3045 benignitas
642 2965 730 3028 etiarn
751 2965 794 3027 rei
813 2965 950 3043 publicae
970 2976 1015 3027 est
1035 2965 1122 3039 utilis,

86 3062 186 3123 redimi
204 3082 222 3124 e
238 3062 377 3124 servitute
396 3074 506 3141 captos,
524 3062 696 3140 locupletari
716 3062 882 3123 tenuiores:
903 3063 986 3140 quod
1003 3062 1123 3140 quidem

85 3161 167 3238 volgo
182 3159 302 3220 solitum
316 3159 379 3221 fieri
392 3161 430 3219 ab
445 3159 547 3220 ordine
561 3171 662 3220 nostro
676 3159 707 3219 in
721 3158 854 3220 oratione
869 3159 966 3220 Crassi
983 3159 1123 3236 scriptum
1137 3181 1168 3229 30

86 3255 202 3332 copiose
221 3255 365 3316 videmus.
408 3258 499 3316 Hane
520 3275 576 3333 ego
596 3256 841 3316 consuetudinem
861 3254 1050 3334 benignitatis
1072 3258 1124 3316 lar-

85 3353 183 3427 gitioni
197 3373 355 3415 munerum
369 3355 457 3430 longe
471 3364 630 3430 antepono.
661 3355 749 3414 Haec
763 3365 808 3414 est
822 3355 952 3432 gravium
967 3354 1123 3415 hominum

87 3462 169 3530 atque
186 3471 369 3531 magnorum,
385 3451 435 3511 illa
454 3451 538 3529 quasi
559 3453 779 3512 adsentatorum
801 3453 904 3530 populi
927 3452 1124 3513 multitudinis

129 3675 145 3718 4
160 3662 215 3705 tum
231 3654 313 3718 ipsum
327 3654 368 3703 Ba
386 3655 409 3702 Z
422 3655 453 3704 St
467 3655 547 3704 Heine
560 3655 601 3704 Lu
617 3653 725 3717 Madvig
739 3654 784 3714 (ad
795 3655 840 3718 fin.
856 3666 878 3702 11
890 3656 903 3714 ἕ
916 3652 946 3717 65
958 3670 983 3719 p.
997 3654 1052 3717 254)
1067 3669 1122 3702 cum

84 3731 217 3793 mnirari
223 3732 330 3796 aptum
338 3732 414 3793 codd,
423 3733 553 3797 vulgatum
563 3739 646 3782 tamen
657 3734 711 3797 ipsa
722 3733 812 3782 maluit
824 3734 861 3782 Or
895 3738 905 3792 l
942 3748 970 3797 3¹
988 3733 1053 3782 hanc
1064 3749 1123 3796 ergo

87 3812 146 3867 ‘a
154 3812 188 3863 ab
195 3812 249 3873 Ia,
259 3812 325 3865 hue
334 3828 382 3879 ego
392 3813 544 3874 Lactantius,
558 3813 600 3862 Ba
614 3815 650 3864 Or
660 3814 683 3865 Z
692 3814 773 3865 Heine

908 3971 920 3981 .,
991 3916 1076 3977 b-a
