2512 4192
88 182 125 239 34
389 166 439 223 Da
460 166 656 240 Temperantia
676 173 702 224 ct
721 168 829 226 Decora
956 162 1134 246 [lxxv191

85 343 219 410 peratum
246 352 265 393 a
290 333 360 406 filio,
388 332 526 393 facilitate
553 344 584 393 et
617 331 799 392 humanitate
832 331 921 393 video
955 332 1137 410 superiorem

86 428 181 488 fuisse.
226 432 332 506 Itaque
350 431 422 489 alter
442 448 558 506 semper
578 448 709 506 magnus,
734 430 808 488 alter
830 446 919 505 saepe
941 428 1136 506 turpissimus,

86 535 118 584 ut
138 536 217 586 recte
237 525 404 603 praecipere
424 524 579 586 videantur
599 526 651 602 qui
671 537 802 595 monent,
815 536 856 600 ut,
875 537 987 602 quanto
1009 526 1138 604 superio

86 641 132 680 res
159 620 258 696 simus,
286 632 369 683 tanto
397 642 452 682 nos
479 643 613 700 geramus
640 623 830 683 summissius.
888 624 1048 684 Panaetius
1076 626 1138 707 qui-

21 800 23 803 *
88 722 156 780 dem
176 721 355 781 ‘Africanum
383 721 547 783 auditorem
575 735 605 784 et
632 723 803 783 familiarem
831 743 918 783 suum
945 724 1076 784 solitum’
1097 726 1137 785 ait
1161 749 1173 794 5

79 823 194 895 ‘dicere
246 832 279 881 ut
312 840 406 898 equos
436 831 556 898 propter
582 821 697 881 crebras
724 821 930 881 contentiones
958 821 1136 898 proeliorum

88 919 236 980 ferocitate
264 917 418 978 exultantis
446 917 640 978 domitoribus
667 918 781 976 tradere
809 918 931 990 soleant,
954 928 987 976 ut
1014 916 1050 977 iis
1071 917 1137 976 faci·

88 1017 206 1076 lioribus
233 1015 347 1093 possint
373 1014 425 1089 uti,
454 1015 497 1074 sic
523 1014 659 1075 homines
687 1015 824 1075 secundis
858 1015 946 1074 rebus
980 1015 1137 1076 effrenatos

88 1114 203 1190 sibique
230 1112 416 1190 praefidentis
440 1122 592 1189 tamquam
613 1110 645 1171 in
665 1132 767 1189 gyrum
791 1110 911 1170 rationis
932 1122 963 1171 et
984 1108 1136 1172 doctrinae

89 1212 159 1273 duci
186 1222 328 1289 oportere,
356 1222 389 1269 ut
415 1210 613 1288 perspicerent
640 1231 734 1270 rerum
763 1211 958 1269 humanarum
985 1208 1175 1269 imbecilli-10

89 1322 179 1370 tatem
202 1309 431 1384 varietatemque
456 1310 606 1368 fortunae.²
662 1328 708 1384 91.
752 1311 851 1384 Atque
872 1307 962 1367 etiam
983 1307 1015 1366 in
1036 1327 1138 1367 secun-

89 1406 214 1467 dissimis
235 1407 321 1466 rebus
342 1405 469 1483 maxime
490 1417 534 1466 est
554 1407 698 1466 utendum
719 1405 842 1465 consilio
863 1405 1028 1465 amicorum
1044 1404 1137 1482 iisque

112 1535 300 1586 1np,0„0,;„e,.
338 1502 432 1562 maior
457 1503 547 1563 etiam
574 1522 664 1579 quam
692 1514 760 1562 ante
788 1502 944 1562 tribuenda
970 1501 1135 1562 auctoritas.

87 1585 300 1677 {gfiffllsffinffffgfi}
339 1601 500 1676 isdemque
514 1598 694 1676 temporibus
708 1600 875 1658 cavendum
889 1609 933 1658 est
952 1617 990 1658 ne
1011 1610 1138 1659 assenta-

88 1686 266 1727 “V‘ldflm‘fffi
340 1696 451 1756 toribus
471 1695 681 1772 patefaciamus
709 1695 785 1754 auris
813 1714 869 1754 nec
892 1695 1007 1754 adulari
1027 1714 1083 1756 nos
1104 1695 1175 1764 si-15

89 1816 201 1868 namus,
223 1795 253 1854 in
275 1815 334 1871 quo
355 1793 416 1853 falli
436 1793 521 1852 facile
541 1804 593 1853 est.
636 1793 717 1852 Talis
736 1793 816 1853 enim
832 1812 887 1852 nos
906 1812 971 1852 esse
989 1805 1136 1871 putamus

89 1906 120 1954 ut
147 1893 208 1953 iure
235 1894 407 1953 laudemur:
427 1885 470 1951 'ex
497 1910 557 1967 quo
578 1903 737 1950 nascuntur
756 1890 980 1950 innumerabilia
1007 1903 1137 1968 peccata,

84 2012 159 2052 cum
172 1991 307 2050 homines
328 1988 420 2049 inflati
441 1988 629 2066 opinionibus
650 1989 771 2066 turpiter
789 1988 945 2049 irridentur
963 2001 993 2048 et
1014 1989 1046 2047 in
1060 2008 1138 2047 max·

118 2137 226 2178 romare
263 2136 305 2177 and
343 2086 408 2148 imis
433 2099 584 2148 versantur
611 2087 762 2146 erroribus.
807 2109 854 2165 92.
897 2089 958 2148 Sed
978 2090 1053 2149 haec
1074 2086 1136 2164 qui·

92 2188 305 2238 u021⁰e³⁵0sm³¹³d
343 2187 413 2246 dem
440 2186 590 2245 hactenus.
635 2185 715 2243 lllud
742 2196 842 2244 autem
870 2183 913 2243 sic
937 2196 982 2244 est
1003 2183 1135 2244 iudican-
1150 2204 1175 2239 ιο

92 2238 306 2339 iidigandpiiloid·
344 2282 415 2341 dum
445 2280 586 2340 maximas
606 2279 666 2357 geri
687 2299 732 2339 res
749 2291 779 2339 et
796 2278 916 2338 maximi
936 2278 1029 2338 animi
1047 2278 1085 2338 ab
1103 2277 1136 2337 iis

91 2338 190 2380 ΝΜ
343 2375 394 2453 qui
420 2395 466 2436 res
493 2374 625 2452 publicas
652 2386 761 2451 regant,
790 2375 874 2450 quod
894 2393 994 2433 earum
1016 2371 1137 2432 admini-

91 2474 189 2535 stratio
211 2472 349 2533 latissime
369 2483 468 2550 pateat
488 2473 528 2531 ad
547 2471 746 2548 plurimosque
766 2470 918 2548 pertineat,
947 2489 1013 2530 csse
1040 2481 1136 2530 autem

91 2571 188 2648 magni
217 2569 307 2628 animi
335 2580 364 2628 ct
391 2568 480 2633 fuisse
507 2569 615 2627 multos
643 2567 731 2627 etiam
751 2566 783 2625 in
803 2565 863 2625 vita
883 2565 987 2638 otiosa,
1010 2564 1062 2641 qui
1088 2575 1136 2623 aut

91 2667 296 2744 investigarent
317 2677 366 2725 aut
386 2675 562 2724 conarentur
582 2685 688 2742 magna
708 2665 854 2740 quaedam
875 2682 1000 2739 seseque
1021 2680 1135 2721 suarum
1148 2684 1169 2730 25

91 2785 187 2825 rerum
214 2763 321 2822 finibus
349 2762 534 2822 continerent
561 2772 612 2821 aut
636 2760 779 2821 interiecti
799 2759 875 2820 inter
895 2758 1090 2836 philosophos
1108 2770 1135 2817 et

91 2883 142 2923 eos
170 2861 221 2937 qui
248 2881 309 2920 rem
337 2859 485 2936 publicam
513 2858 758 2931 administrarent,
787 2858 1004 2918 delectarentur
1029 2876 1061 2916 re
1088 2876 1135 2916 sua

92 2959 232 3031 familiari,
261 2978 322 3016 non
350 2977 416 3016 eam
438 2955 556 3033 quidem
580 2955 662 3015 omni
682 2955 794 3014 ratione
815 2965 1022 3030 exaggerantes
1042 2972 1134 3029 neque
1169 3002 1173 3011 .

92 3057 282 3114 excludentes
302 3055 340 3113 ab
361 3053 423 3113 eius
444 3073 499 3112 usu
521 3072 589 3112 suos
604 3053 761 3130 potiusque
782 3063 811 3112 ct
832 3051 933 3110 amicis
950 3050 1134 3127 inpertientes

117 3201 174 3240 How
191 3215 217 3241 an
236 3209 303 3240 esna
343 3163 373 3210 ct
393 3151 435 3210 rei
461 3151 605 3227 publicae,
628 3150 652 3209 si
680 3151 800 3225 quando
828 3169 897 3209 usus
906 3127 1011 3281 fidet.
1055 3151 1164 3226 Quae30

93 3250 304 3300 ⁵h⁰1¹¹db⁶ss⁰td¹¹r
343 3249 470 3325 primum
504 3250 580 3309 bene
613 3259 696 3326 parta
730 3247 767 3306 sit
804 3249 886 3307 nullo
906 3267 1020 3323 ,neque
1063 3244 1132 3323 turpi

93 3303 288 3352 mmmm
344 3354 467 3417 quaestu
488 3362 585 3418 neque
604 3341 718 3413 odioso,
739 3339 849 3400 deinde
869 3352 1010 3416 augeatur
1028 3341 1132 3401 ratione

94 3435 244 3512 diligentia
267 3437 452 3513 parsimonia,
478 3450 542 3497 tum
570 3457 658 3514 quarn
686 3436 826 3514 plurimis
855 3438 947 3497 nrodo
975 3430 1088 3515 dignis¹
1105 3453 1131 3494 se

141 3604 156 3651 8
173 3601 309 3650 ecfrenatos
323 3602 364 3650 aa
378 3617 434 3650 cum
448 3600 550 3664 antiquo
564 3602 638 3650 codice
647 3603 682 3651 H
734 3604 743 3658 ΙΙ
804 3612 832 3662 15
849 3616 896 3650 nec
910 3601 948 3650 Or
956 3601 988 3651 St
1000 3618 1056 3652 cum
1064 3600 1129 3661 codd,

92 3699 155 3734 neve
165 3685 206 3733 Ba
216 3684 298 3733 Heine
310 3685 351 3733 Lu
357 3685 533 3749 postNonium
558 3687 567 3742 {l
594 3699 622 3747 31
635 3691 722 3749 parata
733 3685 763 3732 St
771 3698 827 3732 cum
837 3683 903 3753 codd.
933 3687 945 3742 ΙΙ
965 3685 1130 3745 ‚godeleda-

92 3763 242 3828 parsimonia
254 3771 309 3828 post
322 3765 439 3829 praebeat
454 3763 570 3827 [giratur
583 3764 614 3813 tir
625 3764 700 3827 cadi,
712 3762 863 3830 transposuit
873 3763 915 3812 aa
927 3770 1023 3814 aratore
1034 3764 1126 3828 (lagno.

73 3843 202 3906 prastaam
210 3845 343 3896 saltata
