2512 4192
68 211 120 271 III
135 227 217 271 xxxi
234 209 304 291 112]
352 214 402 271 De
418 212 587 272 contentione
604 212 729 271 Honesti
746 219 774 271 et
800 204 887 274 Utilis
1060 231 1115 291 135

987 326 1100 336 ——-.

66 380 117 454 vit,
132 381 244 441 idcirco
258 380 314 441 sibi
327 381 486 441 honestum
502 393 531 440 et
546 380 652 441 sentire
666 381 717 440 illa
730 392 759 441 et
777 380 839 456 pati
859 379 991 440 eredidit.
1036 383 1120 444 Nam.

92 509 120 551 p,
135 509 282 560 Athama.
320 480 402 556 quod
422 478 514 552 aiunt,
530 480 612 555 quod
632 480 718 539 valde
737 479 808 539 utile
829 477 874 552 sit,
890 478 920 537 id
934 477 996 539 fieri
1010 479 1116 539 hones·

66 560 284 660 2ssssrabfilemffssgeig}
321 562 502 649 rumpimmo
517 595 587 636 vero
601 595 674 648 esse,
689 594 751 634 non
764 574 835 634 fieri.
879 576 932 633 Est
947 573 1027 634 enim
1042 574 1115 635 nihil

44 734 47 739 Α
65 661 284 753 ᾒζξῶθὲξζξζζξξῖ
321 673 393 733 utile
412 674 494 750 quod
510 672 591 733 idem
609 692 670 733 non
684 673 851 747 honesturn,
868 692 932 745 nec,
949 672 1018 749 quia
1032 673 1113 747 utile,

64 761 121 805 ³b¹⁰·
321 771 488 842 honestum,
511 771 565 829 sed
586 768 656 846 quia
682 771 848 843 honestum,
872 769 950 829 utile.
995 772 1063 844 Qua
1084 790 1115 831 re
1148 786 1161 834 5

64 883 104 925 ex
130 865 230 927 multis
257 866 440 926 mirabilibus
467 866 610 943 exemplis
638 867 719 926 haud
739 866 824 927 facile
845 864 910 942 quis
932 865 1038 927 dixerit
1057 867 1116 927 hoc

64 965 205 1040 exemplo
218 974 270 1024 aut
283 964 459 1024 laudabilius
474 975 524 1024 aut
538 964 742 1041 praestantius.

10 1071 53 1121 ,xl
384 1082 447 1120 111.
488 1063 546 1122 Sed
568 1081 604 1122 ex
624 1072 687 1121 tota
707 1063 764 1121 hac
784 1062 871 1122 laude
894 1062 1002 1140 Reguli
1023 1082 1116 1121 unum

92 1133 141 1175 The
165 1141 237 1175 return
258 1133 284 1174 oi
322 1159 329 1171 ·
540 1159 546 1171 .
594 1159 600 1170 .
703 1159 708 1170 .
999 1159 1005 1172 .

64 1195 173 1226 REGULUS
190 1198 233 1224 was
245 1193 283 1225 „ot
321 1160 394 1219 rllud
408 1170 452 1219 est
466 1161 660 1219 admrratrone
680 1161 811 1236 dignum,
828 1161 910 1237 quod
929 1171 1059 1237 captrvos
1074 1179 1116 1220 re-

64 1249 91 1276 so
108 1234 239 1276 remarkable
261 1235 283 1275 in
335 1257 341 1270 ·
569 1258 575 1270 ·
889 1259 905 1270 ..
998 1259 1004 1270 .

65 1299 94 1326 an
111 1298 152 1335 age
168 1284 237 1326 waren
252 1298 284 1325 ra
312 1259 459 1329 ¹trnendos
474 1270 597 1318 censmt.
642 1260 722 1318 Nam
736 1260 819 1335 quod
832 1261 920 1319 redut
934 1261 1020 1319 nobrs
1035 1279 1114 1318 nunc
1133 1277 1161 1311 ιο

64 1335 282 1436 ξξζῖἶῇἒῇἓᾞοῖἒῗ
320 1353 453 1414 mirabile
473 1353 597 1426 videtur,
614 1353 670 1414 illis
690 1355 811 1431 quidem
831 1354 1012 1430 temporibus
1033 1355 1116 1415 aliter

64 1435 284 1537 Ξζῖξξξὲῧζξῇιῗξ
321 1453 417 1511 facere
444 1472 505 1512 non
533 1452 636 1529 potuit.
681 1455 787 1529 ltaque
815 1451 870 1512 ista
897 1455 961 1511 laus
988 1472 1050 1512 non
1072 1464 1117 1512 est

64 1535 283 1636 fflssffsslfflffassj
321 1549 459 1623 hominis,
488 1550 541 1609 sed
569 1560 743 1625 temporum.
801 1550 925 1607 Nullum
953 1548 1033 1608 enim
1057 1549 1118 1607 vin·

65 1637 153 1736 {5²53
171 1637 284 1736 {ssssgffi
321 1649 420 1705 culum
453 1645 493 1705 ad
526 1644 744 1721 astringendam
778 1644 869 1704 tidem
903 1643 965 1703 iure
992 1643 1117 1703 iurando

65 1737 284 1828 fflggeornnon-
322 1740 448 1800 maiores
476 1739 565 1798 artius
593 1758 658 1799 esse
691 1739 855 1798 voluerunt.
913 1740 950 1798 ld
985 1738 1117 1798 indicant
1132 1760 1159 1810 15

150 1818 157 1838 ¹
320 1839 400 1913 leges
427 1835 458 1894 in
483 1834 642 1894 duodecim
672 1834 788 1908 tabulis,
818 1833 951 1894 indicant
978 1845 1116 1908 sacratae,

65 1933 202 1994 indicant
229 1934 358 2004 foedera,
384 1932 489 2009 quibus
514 1931 603 1991 etiam
632 1950 701 1990 curu
728 1932 814 1991 hoste
842 1930 1006 1992 devincitur
1033 1931 1116 2004 fides,

65 2029 201 2090 indicant
222 2029 359 2089 notiones
378 2027 708 2104 animadversionesque
727 2047 891 2101 censorum,
910 2027 961 2105 qui
980 2030 1061 2087 nulla
1079 2030 1118 2088 de

63 2148 97 2189 re
125 2127 295 2204 diligentius
324 2146 414 2203 quarn
442 2128 480 2187 de
510 2126 572 2187 iure
600 2126 725 2186 iurando
753 2126 930 2186 iudicabant.
980 2145 1044 2186 112.
1081 2129 1114 2185 L.

66 2224 184 2285 Manlio
211 2226 248 2282 A.
272 2226 304 2298 F,
325 2243 394 2282 curu
416 2223 542 2284 dictator
566 2223 676 2297 fuisset,
703 2225 745 2282 M.
774 2222 956 2299 Pomponius
983 2222 1116 2282 tribunus
1130 2247 1161 2281 ιο

64 2320 162 2396 plebis
190 2319 271 2379 diem
300 2319 383 2392 dixit,
410 2321 494 2396 quod
516 2319 540 2380 is
562 2340 673 2396 paucos
701 2320 757 2380 sibi
784 2320 847 2380 dies
875 2322 913 2380 ad
941 2319 1116 2380 dictaturam

64 2418 227 2495 gerendam
244 2416 406 2476 addidisset
416 2439 424 2492 ;
446 2417 655 2477 criminabatur
674 2417 772 2491 etiarn,
788 2419 870 2494 quod
889 2417 993 2505 Titum
1014 2418 1114 2490 filium,

65 2514 118 2590 qui
134 2526 240 2591 postea
261 2524 305 2573 est
323 2515 492 2590 Torquatus
516 2515 689 2594 appellatus,
711 2515 750 2573 ab
771 2513 941 2575 hominibus
958 2516 1115 2592 relegasset

64 2622 95 2671 et
122 2610 181 2670 ruri
203 2611 336 2671 habitare
360 2610 499 2672 iussisset.
543 2614 634 2688 Quod
656 2632 725 2671 eum
753 2611 914 2672 audivisset
941 2613 1114 2673 adulescens

63 2707 141 2767 filius
163 2708 314 2785 negotium
332 2708 463 2768 exhiberi
477 2708 561 2784 patri,
577 2708 736 2770 accurrisse
750 2712 880 2768 Romam
894 2720 1005 2770 etcum
1019 2710 1114 2787 primo
1128 2733 1157 2786 25

64 2805 123 2865 luci
152 2805 310 2881 Pomponii
335 2807 459 2865 domum
480 2805 596 2866 venisse
617 2807 730 2867 dicitur.
775 2806 833 2867 Cui
854 2826 922 2865 cum
945 2819 1022 2867 esset
1043 2828 1115 2866 nun-

65 2904 179 2978 tiatum,
215 2903 267 2981 qui
300 2904 384 2963 illum
418 2903 524 2964 iratum
558 2907 714 2965 allaturum
748 2908 788 2965 ad
815 2925 847 2965 se
874 2906 986 2982 aliquid
1013 2919 1115 2966 contra

65 3013 179 3080 patrem
204 3001 397 3077 arbitraretur,
424 3002 544 3063 surrexit
568 3023 585 3064 e
610 3006 720 3064 lectulo
741 3003 921 3080 remotisque
941 3003 1055 3064 arbitris
1074 3005 1114 3064 ad

65 3119 96 3159 se
120 3100 343 3159 adulescentem
364 3099 447 3160 iussit
470 3099 577 3160 venire.
620 3104 662 3161 At
685 3101 734 3162 ille
752 3111 784 3160 ut
806 3101 953 3179 ingressus
971 3111 1024 3174 est,
1045 3121 1114 3161 con-

64 3196 162 3258 festim
189 3196 322 3282 gladium
350 3197 503 3258 destrinxit
531 3197 694 3275 iuravitque
721 3219 753 3258 se
780 3199 863 3258 illum
897 3198 995 3259 statim
1029 3199 1114 3260 inter·
1126 3219 1157 3267 30

64 3295 217 3367 secturam,
239 3292 296 3352 nisi
316 3293 361 3353 ius
382 3293 538 3354 iurandum
568 3283 624 3355 sibi
652 3296 782 3356 dedisset
806 3315 838 3357 se
857 3308 972 3372 patrem
992 3296 1112 3356 missum

64 3411 128 3453 esse
149 3392 304 3451 facturum.
347 3391 459 3450 Iuravit
480 3392 538 3450 hoc
558 3401 667 3452 terrore
691 3404 812 3452 coactus
832 3391 1015 3469 Pomponius
1022 3414 1029 3465 ς
1050 3413 1112 3453 rem

65 3487 105 3546 ad
123 3487 269 3564 populum
290 3485 404 3558 detulit,
430 3485 531 3546 docuit
556 3504 608 3545 cur
635 3485 691 3546 sibi
716 3506 806 3547 causa
827 3488 968 3548 desistere
993 3507 1112 3547 necesse

65 3593 150 3645 esset
175 3582 323 3643 Manlium
345 3583 468 3644 missum
496 3583 573 3644 fecit.
617 3587 748 3644 Tantum
772 3584 955 3661 temporibus
984 3584 1040 3643 illis
1068 3584 1111 3643 ius

64 3680 223 3769 iurandum
248 3682 372 3742 valebat
427 3684 528 3758 Atque
562 3680 611 3742 hic
638 3685 673 3741 T.
705 3682 837 3741 Manlius
864 3682 889 3742 is
903 3684 969 3754 est,
998 3681 1050 3758 qui
1074 3683 1110 3740 ad
1125 3697 1154 3748 35

112 3826 146 3887 13
160 3834 220 3873 mm
233 3819 317 3885 primo
329 3819 379 3869 luci
390 3820 419 3868 St
429 3819 511 3868 IIn'ne
520 3819 562 3867 Ln
573 3819 610 3868 Be
623 3818 660 3866 Or
700 3821 710 3876 11
764 3832 793 3883 35
806 3818 890 3884 Atque
903 3818 946 3866 bie
958 3818 993 3866 T.
1004 3817 1119 3865 Manlius

63 3902 123 3955 -in
136 3900 217 3953 onum
232 3906 269 3949 ut
278 3900 395 3949 mbnna
409 3901 507 3950 seclusit
520 3902 571 3964 Ba,
596 3902 760 3972 sunonem
780 3904 835 3956 iont
855 3906 988 3955 rotaverunt
1017 3899 1137 3952 Ernestio
