2512 4192
100 172 153 231 III
170 188 202 230 tv
221 168 270 252 16]
446 173 495 231 Dc
514 174 679 233 Ir'onestutis
699 182 807 234 natura
1091 193 1144 235 101
1189 146 1192 152 Ι

99 373 196 414 „bega
223 372 270 414 flu,
295 373 320 415 0,
356 340 455 415 Atque
469 339 543 401 illud
556 340 677 416 quidem
691 334 859 414 honestum,
875 344 957 419 quod
970 341 1085 419 proprie
1099 362 1147 403 ve-

97 423 316 516 ssffifflssffi‘effiffiff
355 455 446 512 reque
467 436 581 510 dicitur,
595 436 626 498 id
640 438 671 497 in
686 438 866 515 sapientibus
887 449 931 500 est
953 439 1022 499 solis
1044 458 1141 516 neque

96 524 319 626 {g'e‘pefflffyss‘wg}
353 533 489 593 avirtute
504 535 603 616 divelli
616 525 759 613 umquam
772 549 877 614 potest.
921 537 1015 627 Inniis
1035 548 1142 612 autem,

96 637 155 676 Μ·
354 630 388 713 in
399 631 663 717 quibus-sapientia
675 633 810 717 perfecta
817 652 881 709 non
892 645 945 707 est,
960 620 1145 710 ipsum'illdd

96 724 223 802 quidem
236 718 401 802 perfectum
414 716 572 788 honestii'm
589 712 674 789 vriir'll'o
683 714 794 798 modo,
809 729 1014 790 similitudines
1028 731 1146 791 honesti
1175 752 1188 798 5

96 835 312 911 esfflrossunt
335 835 411 896 ·'14.
454 827 543 885 Haec
566 825 646 886 enim
671 825 776 899 officia,
802 827 840 886 de
865 826 970 902 quibus
995 825 1041 886 his
1054 816 1145 887 'liHris

95 907 293 997 disputamus,
319 920 417 980 media
445 921 731 1016 Qgssmappeflallt?
758 940 795 982 ea
820 922 991 982 communia
1020 934 1087 984 sunt
1115 934 1145 984 et

94 1016 155 1076 late
176 1027 291 1092 patent,
306 1035 383 1093 quae
404 1029 434 1078 et
456 1017 565 1097 ingenii
587 988 720 1080 bonitate
742 1017 827 1080 multi
849 1032 1021 1080 assecuntur
1035 1031 1064 1081 et
1078 1040 1144 1097 pro·

94 1111 249 1190 gressione
267 1111 414 1190 discendi,
453 1117 533 1175 Illud
556 1127 655 1175 autem
678 1115 815 1188 officium,
831 1117 912 1192 quod
926 1125 1039 1175 rectum
1063 1116 1144 1176 idem

94 1210 256 1285 appellant,
271 1211 435 1286 perfectum
457 1223 546 1288 atque
569 1213 737 1272 absolutum
759 1221 804 1272 est
826 1223 864 1286 et,
879 1223 911 1272 ut
933 1211 1013 1272 idem
1031 1211 1143 1286 dicunt,
1160 1233 1189 1267 ιο

94 1323 202 1365 omnes
225 1323 364 1366 numeros
386 1307 478 1368 habet
498 1328 554 1368 nec
573 1319 687 1386 praeter
701 1307 865 1385 sapientem
879 1309 984 1369 cadere
998 1308 1029 1367 in
1044 1327 1144 1385 quem-

350 1422 439 1479 quam
466 1415 572 1482 potest.
601 1389 631 1491 [ι
637 1422 662 1482 5.
693 1407 771 1466 Cum
792 1416 891 1464 autem
912 1403 1024 1489 aliquid
1044 1416 1143 1464 aetum

95 1479 313 1589 gssdssssytsseffl
351 1511 404 1572 est,
420 1500 450 1560 in
469 1520 529 1577 quo
548 1501 648 1561 media
666 1500 763 1561 officia
779 1468 980 1577 ddin'ffarddnt,
997 1500 1028 1561 id
1042 1519 1143 1560 cumu-

95 1581 233 1672 {ffiffi
241 1581 315 1681 ζ’,ῗζζῗ
351 1597 410 1657 late
423 1597 540 1658 videtur
553 1617 617 1658 esse
630 1599 792 1674 perfectum
811 1609 972 1674 propterea,
989 1598 1070 1673 quod
1083 1599 1142 1657 vol-

95 1680 312 1772 ssssgfiffiffiffi:
350 1713 413 1771 gns,
433 1693 507 1770 qnid
526 1693 602 1754 absit
623 1714 641 1753 a
660 1695 800 1770 perfect0,
821 1713 882 1754 non
905 1695 965 1755 fere
986 1693 1142 1770 intellegit,
1158 1718 1185 1764 ¹5

95 1781 316 1881 ffifflfflffhhtffig
353 1799 498 1866 quatenus
520 1801 620 1849 autem
642 1789 792 1867 intellegit,
815 1788 887 1848 nihil
911 1800 995 1865 putat
1018 1800 1141 1865 praeter-

95 1881 318 1984 {offiffiggffgp
351 1886 487 1947 missum:
509 1887 590 1963 quod
600 1885 680 1947 idem
691 1886 721 1944 in
734 1885 888 1962 poematis,
903 1885 934 1944 in
948 1884 1152 1971 picturistusn„

10 1981 240 2083 Mffl'ffl
350 1983 475 2063 uenitin
489 1984 612 2060 aliisque
626 1982 833 2060 compluribus,
849 1993 882 2042 ut
893 1983 1076 2047 delectentur
1087 1982 1139 2041 im-

10 2086 81 2097 “““
119 2063 153 2087 h
203 2077 207 2082 ’
349 2080 435 2160 periti
454 2083 634 2157 laudentque
656 2099 699 2153 ea,
722 2099 797 2156 quae
818 2073 968 2140 laudanda
988 2100 1049 2140 non
1070 2079 1137 2151 sint,

96 2180 137 2240 ob
158 2197 235 2252 eam,
250 2179 349 2253 credo,
364 2197 482 2238 causam
508 2178 590 2255 quod
611 2176 680 2236 insit
701 2176 732 2236 in
752 2176 787 2236 iis
809 2175 921 2252 aliquid
941 2174 1034 2253 probi,
1057 2176 1140 2252 quod
1154 2200 1185 2234 κο

98 2266 198 2346 capiat
218 2265 343 2345 ignaros,
367 2265 419 2342 qui
441 2265 514 2342 quid
530 2265 562 2324 in
583 2286 644 2326 una
660 2286 778 2342 quaque
793 2285 825 2325 re
843 2263 906 2324 vitii
923 2264 967 2338 sit,
988 2276 1139 2340 nequeant

98 2364 238 2426 iudicare.
282 2366 388 2440 Itaque
402 2383 469 2423 cum
484 2376 553 2424 sunt
571 2363 653 2424 docti
667 2383 685 2423 a
698 2363 807 2440 peritis,
823 2364 968 2424 desistunt
981 2363 1066 2423 facile
1081 2383 1144 2424 sen·

40 2464 82 2515 IV
96 2455 223 2550 tentiau
243 2382 329 2519 ilaec
357 2460 444 2537 igitur
466 2460 573 2545 officia,
596 2462 635 2520 de
659 2460 767 2536 quibus
791 2461 836 2519 his
860 2459 940 2520 libris
965 2459 1142 2532 disserimus,

96 2557 336 2655 Qda
358 2559 505 2633 quaedam
526 2559 651 2617 honesta
673 2575 737 2618 esse
760 2556 870 2629 dicunt,
886 2576 948 2616 non
967 2556 1142 2632 sapientium

94 2654 189 2715 modo
202 2652 329 2730 propria,
344 2655 398 2714 sed
411 2673 480 2714 cum
494 2653 576 2715 omni
589 2653 744 2713 hominurn
758 2671 866 2730 genere
879 2652 1056 2712 communia
1096 2655 1139 2711 16.
1156 2668 1185 2716 τε

96 2753 205 2827 Itaque
225 2747 262 2809 iis
281 2769 393 2824 omnes,
409 2750 562 2827 inquibus
581 2760 625 2811 est
639 2749 752 2810 virtutis
767 2749 892 2822 indoles,
908 2759 1140 2809 commoventur.

120 2894 183 2935 Em
196 2891 249 2934 meh
263 2905 312 2934 men
349 2849 416 2908 Nec
433 2866 503 2908 vero
521 2866 590 2906 curn
606 2848 667 2907 duo
682 2845 769 2907 Decii
782 2856 833 2906 aut
846 2847 908 2905 duo
922 2844 1074 2922 Scipiones
1088 2846 1143 2905 for-

93 2955 189 2987 asem
201 2943 245 2985 ²¹¹⁶
257 2953 312 2984 ¹⁴⁶¹·
349 2955 394 3005 tes
408 2943 461 3005 viri
474 2954 745 3004 commemorantur
757 2954 808 3004 aut
822 2962 892 3002 cum
907 2941 1061 3003 Fabricius
1078 2940 1141 3023 [aut

95 3006 155 3046 uus,
168 3008 223 3035 even
232 2994 269 3035 the
278 3006 310 3034 se-

93 3044 314 3146 svgsseffffmffiessg
350 3038 505 3122 Aristides]
521 3041 612 3101 iustus
627 3040 802 3113 nominatur,
818 3051 869 3099 aut
882 3041 920 3099 ab
931 3038 988 3097 illis
998 3038 1141 3099 fortitudi-

93 3144 314 3239 fflsss‘hfflff
349 3141 395 3202 nis
419 3150 470 3200 aut
493 3139 532 3198 ab
555 3138 613 3197 hoc
640 3135 768 3196 iustitiae
791 3146 943 3211 tamquam
966 3155 985 3194 a
1008 3134 1139 3212 sapiente
1155 3151 1186 3197 30

302 3224 307 3235 ¹
347 3237 457 3316 petitur
473 3206 676 3315 exemplum!
690 3235 788 3293 Nemo
805 3232 886 3292 enim
906 3234 1014 3292 horum
1035 3231 1078 3292 sic
1098 3250 1141 3292 sa-

93 3339 189 3418 piens,
203 3349 239 3398 ut
251 3335 416 3413 sapientem
436 3334 573 3393 volumus
592 3324 730 3407 intellegi,
746 3349 803 3390 nec
816 3328 846 3401 ii,
861 3328 914 3405 qui
928 3328 1076 3422 sapientes
1089 3331 1140 3390 ha·

94 3438 150 3502 biti
168 3449 199 3501 et
221 3434 375 3508 nominati,
392 3435 435 3494 nr
452 3435 529 3494 Cato
547 3441 577 3491 et
597 3432 632 3492 C.
652 3429 778 3504 Laelius,
795 3427 941 3506 sapientes
960 3430 1140 3502 fueruntne

145 3635 157 3671 1
175 3618 245 3685 atqui
261 3617 395 3668 Fleckez'sen
412 3616 493 3667 Heine
536 3616 547 3672 ΙΙ
594 3629 622 3662 21
647 3613 690 3677 qui
707 3611 808 3676 quidem
824 3609 888 3660 codd.
908 3608 990 3665 multi,
1011 3607 1053 3672 qui
1072 3608 1139 3657 idem

92 3698 228 3758 rod-abc,
244 3697 288 3765 qui
304 3695 413 3762 Madvig
425 3695 499 3745 deleto
514 3694 582 3743 idem
592 3692 754 3757 probantibus
765 3691 846 3740 Heinc
856 3691 898 3738 Lu
933 3692 942 3746 ΙΙ
980 3689 1010 3737 28
1027 3694 1070 3736 aut
1083 3687 1138 3736 Ari-

91 3778 171 3833 stide!
182 3778 251 3829 codd.
264 3792 328 3845 qm
339 3784 371 3827 ut
381 3776 469 3841 spania
484 3775 633 3825 secluserrmt
645 3774 687 3822 Ba
703 3773 784 3821 Heine
798 3777 894 3820 auclore
905 3770 928 3819 I.
941 3769 979 3818 M.
994 3767 1143 3831 Heusingero

65 3908 69 3913 .
96 3862 111 3919 Ι
135 3852 536 3923 μὼὺοσΜύΜί
548 3842 639 3909 Orba
649 3872 708 3908 cum
718 3857 786 3910 codd·
816 3859 830 3918 ll
862 3871 892 3922 32
909 3849 1165 3908 murmurillum
