2512 4192
79 161 113 219 11
128 177 184 219 xvr
199 156 251 239 57]
402 115 404 121 Ι
461 178 535 236 quae
544 159 666 235 pecunia
677 159 739 234 fiat
1091 153 1126 211 81

76 359 112 400 ω,
136 359 160 401 fi,
169 360 202 401 ,m
212 373 295 402 women
332 341 423 398 quem
437 322 475 382 de
490 320 597 381 divitiis
612 319 735 396 scripsit,
746 319 778 378 in
789 338 849 395 quo
864 320 957 377 multa
970 319 1126 395 praeclare,

75 424 104 452 ⁸¹¹
128 410 230 452 enum
332 418 408 478 illud
433 418 577 478 absurde:
604 428 649 478 est
676 416 757 477 enim
784 418 894 476 multus
921 415 953 474 in
979 415 1129 474 laudanda

75 509 297 588 magnificentia
314 521 344 571 et
364 511 557 588 apparatione
578 509 768 587 popularium
787 528 945 569 munerum
966 508 1128 583 taliumque

75 617 252 683 sumptuum
273 609 444 666 facultatem
463 601 592 666 fructum
611 605 780 666 divitiarum
799 614 891 682 putat.
936 603 1014 662 Mihi
1028 615 1128 663 autem
1181 617 1183 621 ’

76 703 128 764 ille
155 706 268 764 fructus
294 703 483 778 liberalitatis,
513 702 597 762 cuius
625 721 722 779 pauca
748 704 883 778 exempla
909 700 1005 779 posui,
1033 702 1128 760 multo
1158 721 1171 771 5

76 810 110 861 et
141 800 237 860 maior
269 799 385 860 videtur
417 811 448 860 et
478 799 592 859 certior.
650 799 771 873 Quanto
806 798 978 858 Aristoteles
1013 797 1128 875 gravius

76 907 110 957 et
136 897 235 957 verius
267 917 322 957 nos
351 896 547 974 reprehendit,
579 894 630 972 qui
662 897 716 954 has
747 894 939 972 pecuniarum
971 894 1128 954 effusiones

76 1014 142 1054 uon
168 994 357 1068 admiremur,
385 1014 462 1071 quae
494 996 570 1054 fiunt
593 994 633 1053 ad
660 992 881 1053 multitudinem
909 991 1125 1052 deleniendam

76 1090 131 1151 Ait
144 1091 234 1165 enim,
255 1090 307 1167 qui
325 1091 363 1150 ab
384 1092 469 1151 hoste
491 1090 671 1163 obsidentur,
695 1089 719 1148 si
738 1108 837 1149 emere
855 1109 950 1165 aquae
969 1088 1127 1148 sextarium

76 1200 255 1266 cogerentur
280 1189 369 1261 mina,
391 1189 451 1248 hoc
470 1188 567 1266 primo
591 1187 764 1248 incredibile
786 1187 871 1247 nobis
895 1186 988 1247 videri
1012 1206 1171 1246 omnes-10

76 1305 139 1362 que
160 1285 268 1357 mirari,
290 1287 344 1346 sed
362 1305 431 1345 cum
450 1284 637 1358 attenderint,
662 1284 780 1346 veniam
803 1285 969 1346 necessitati
990 1286 1059 1344 dare
1065 1309 1074 1360 3
1096 1284 1126 1343 in

78 1381 126 1441 his
142 1381 312 1441 inmanibus
331 1380 448 1442 iacturis
465 1380 648 1457 infinitisque
667 1380 833 1457 sumptibus
853 1380 925 1438 nihil
944 1400 999 1440 nos
1018 1399 1126 1457 magno
1191 1393 1197 1401 ‘

77 1499 170 1556 opere
184 1478 291 1554 mirari,
306 1500 376 1540 cum
389 1479 561 1557 praesertim
576 1499 673 1556 neque
688 1478 854 1539 necessitati
869 1478 1058 1539 subveniatur
1071 1498 1127 1538 nec

77 1578 209 1656 dignitas
223 1590 363 1657 augeatur
381 1579 505 1657 ipsaque
525 1578 575 1638 illa
593 1577 751 1640 delectatio
770 1577 967 1638 multitudinis
986 1578 1025 1636 ad
1039 1576 1127 1636 breve

77 1676 282 1753 exiguumque
302 1688 419 1754 tempus
444 1676 576 1753 capiatur
600 1695 695 1752 eaque
714 1695 732 1735 a
750 1674 908 1734 levissumo
933 1694 1053 1751 quoque
1063 1695 1071 1746 ;
1095 1673 1126 1733 in
1143 1687 1166 1737 ¹5

79 1791 142 1849 quo
160 1783 263 1833 tamen
282 1772 347 1851 ipso
366 1793 514 1834 unacum
534 1772 667 1834 satietate
688 1772 832 1832 memoria
845 1792 966 1849 quoque
986 1771 1127 1832 moriatur

77 1870 249 1948 voluptatis.
303 1888 348 1948 57.
381 1875 463 1933 Bene
484 1871 573 1932 etiam
602 1870 713 1948 colligit
738 1872 823 1930 ‘haee
843 1871 941 1948 pueris
962 1882 992 1931 et
1012 1870 1128 1930 mulier-

78 1967 154 2028 culis
175 1977 207 2028 et
227 1967 316 2028 servis
337 1979 367 2029 et
388 1988 537 2029 servorum
557 1966 712 2027 simillimis
733 1966 831 2027 liberis
852 1986 917 2027 esse
937 1977 1026 2044 grata,
1047 1966 1126 2044 gravi

80 2083 152 2124 vero
173 2063 291 2123 homini
311 2075 341 2125 et
362 2085 398 2126 ea
418 2085 494 2142 quae
517 2067 592 2124 fiunt
615 2063 726 2124 iudicio
749 2075 829 2124 certo
857 2063 1034 2141 ponderanti
1062 2083 1127 2141 pro-

80 2159 143 2221 bari
170 2180 261 2238 posse
287 2163 369 2222 nullo
399 2163 509 2222 modo!
565 2162 756 2238 Quamquam
789 2160 928 2237 intellego
962 2159 994 2219 in
1027 2171 1126 2220 nostra
1141 2175 1170 2209 20

80 2321 112 2362 Η,
157 2319 199 2360 ,l
333 2258 451 2320 civitate
478 2258 656 2319 inveterasse
683 2257 743 2317 iam
764 2257 851 2318 bonis
874 2257 1064 2335 temporibus,
1092 2272 1126 2319 ut

78 2329 296 2432 pie'sstldd'agnidcaeni}
334 2357 474 2433 splendor
487 2353 671 2414 aedilitatum
685 2354 723 2414 ab
738 2353 857 2431 optimis
871 2353 939 2413 viris
953 2357 1122 2431 postuletur.

79 2423 208 2474 ΜΨ
333 2455 440 2528 Itaque
466 2460 497 2510 et
520 2452 553 2510 P.
580 2451 712 2522 Crassus
740 2469 811 2508 cum
838 2450 1015 2526 cognomine
1044 2450 1125 2511 dives

80 2561 146 2610 tum
173 2549 277 2628 copiis,
300 2552 418 2609 functus
442 2557 487 2607 est
510 2544 646 2606 aedilicio
674 2545 804 2606 maximo
832 2566 953 2607 munere
980 2557 1009 2607 et
1036 2550 1125 2624 paulo

80 2654 149 2719 post
183 2645 218 2703 L.
256 2643 379 2703 Crassus
415 2659 484 2700 cum
519 2637 654 2698 omnium
691 2637 847 2698 hominum
888 2638 1124 2700 moderatissimo
1139 2653 1168 2704 25

80 2740 118 2814 Q.
149 2737 256 2798 Mucio
282 2732 572 2816 magnificentissima
598 2733 748 2796 aedilitate
775 2737 893 2794 functus
921 2746 979 2794 est:
1015 2735 1125 2798 deinde
1214 2789 1215 2792 ,

78 2835 114 2894 C.
145 2831 290 2896 Claudius
317 2831 409 2911 Appii
437 2831 523 2906 filius,
557 2829 642 2891 multi
674 2841 750 2908 post,
780 2830 905 2904 Luculli,
934 2831 1123 2907 Hortensius,

78 2930 205 2992 Silanus
249 2932 362 2993 Omnes
383 2939 483 2990 autem
503 2930 539 3013 P,
559 2929 703 2989 Lentulus
731 2948 779 2989 me
799 2930 923 2989 consule
948 2928 1018 2989 vicit
1041 2948 1129 3007 supe·

128 3101 220 3160 4onte
240 3095 345 3146 fructum
366 3093 510 3144 adiectivum
528 3091 664 3142 desiderant
683 3094 725 3142 Bo
743 3093 825 3144 Heine
843 3093 915 3158 quale
934 3096 1068 3146 maximum
1087 3098 1125 3145 vel

79 3177 203 3242 optimum
239 3178 250 3235 ΙΙ
284 3174 541 3236 6Aristotelescodol,
555 3174 734 3232 0rHeimLu,
742 3175 827 3224 Aristo
836 3176 902 3225 Ceus
910 3177 1125 3227 BcZucumMu·
1158 3186 1172 3228 l

78 3266 127 3308 reto
178 3262 189 3317 ll
236 3257 386 3307 8miremur
400 3256 496 3306 Boklur
546 3259 555 3314 ΙΙ
607 3255 856 3320 9aitenimexconi
868 3258 936 3309 aF.
957 3260 994 3311 W.
1008 3261 1126 3309 Muelleri

78 3340 147 3390 Phr'l.
160 3350 221 3389 XIX.
232 3345 259 3403 p.
270 3337 318 3400 630
329 3338 429 3388 admisit
435 3342 490 3401 post
498 3337 578 3386 Heinc
587 3336 796 3402 Lu:atiivulgo
863 3323 874 3396 ll
940 3355 969 3391 10
980 3349 1124 3406 cogerentur

78 3422 157 3486 vulgo,
175 3411 295 3485 cogantur
310 3435 340 3468 cx
354 3420 448 3484 aliquot
461 3418 523 3468 codd
536 3419 576 3467 Zu
592 3419 633 3467 Ba
648 3419 691 3468 Lu
758 3423 768 3478 ΙΙ
835 3420 921 3471 auditu
936 3422 1079 3474 incredibile
1095 3425 1126 3473 St

77 3502 125 3552 alil
132 3517 162 3551 ex
172 3501 264 3551 duobus
273 3500 338 3550 rodel
410 3503 420 3558 ΙΙ
487 3499 560 3548 nobis
572 3499 600 3546 in
611 3500 705 3562 aliquot
718 3500 784 3550 codd.
794 3503 910 3551 omassum
924 3503 967 3552 del.
980 3505 1124 3568 Madvigius

81 3588 93 3645 l
111 3598 141 3646 14
152 3581 319 3632 multitudinis
333 3581 367 3630 ad
380 3580 457 3641 codd„
469 3580 635 3630 multitudinis
648 3581 679 3630 sit
694 3581 728 3630 ad
742 3583 778 3632 Or
788 3583 817 3643 Z,
830 3582 994 3634 multitudinis
1005 3585 1037 3634 ad
1048 3585 1122 3635 breve

79 3662 243 3730 exiguumque
258 3663 290 3712 sit
305 3669 411 3727 tempus,
430 3658 520 3726 eatque
536 3662 604 3722 ast,
622 3663 739 3712 lacunam
752 3670 808 3728 post
822 3665 987 3715 multitudinis
1005 3665 1125 3716 inolcam't

78 3745 121 3797 Ba
136 3743 347 3795 merebunda
397 3746 408 3801 ΙΙ
445 3756 473 3806 15
489 3742 601 3806 capiatur
618 3758 696 3809 eaque
713 3747 814 3810 &rippa
834 3747 929 3796 Heine:
952 3747 1025 3812 vulgo
1045 3763 1123 3813 eaque

80 3828 94 3887 Ι
106 3838 137 3887 aa
146 3824 312 3893 postularetur
320 3825 362 3875 Bo
371 3839 427 3873 mm
436 3823 528 3874 duobus
535 3822 600 3874 codd.

143 3919 329 3995 creawffi
1052 3932 1076 3990 r,
