2512 4192
136 174 190 213 102
389 155 439 213 De
455 154 619 213 contentam
637 153 760 212 Honesti
777 158 804 211 et
829 139 916 212 [statis
1012 148 1176 232 [1111v17

132 315 318 399 illi‘quidem
340 335 462 400 septem,
486 323 540 383 sed
566 341 603 383 ex
630 322 795 381 mediomm
820 321 983 380 officiorum
1005 321 1151 397 frequen·

133 417 356 480 similitudinem
370 420 519 496 quandam
541 418 680 496 gerebant
694 418 881 495 speciemque
896 415 1082 494 sapientium.
1103 332 1173 495 A?

135 515 283 590 Quocirca
297 535 353 576 nec
366 515 406 589 id,
422 517 503 593 quod
516 535 584 575 vere
597 516 756 574 honestum
777 525 829 588 est,
845 516 887 575 fas
901 525 945 575 est
960 534 1030 574 cum
1044 513 1176 576 utilitatis

132 612 324 690 repugnantia
344 611 506 689 comparari
528 630 584 671 nec
605 610 645 684 id,
671 612 752 687 quod
774 610 970 672 communiter
991 615 1176 689 appellamus

52 702 83 791 ¹¹
133 708 299 782 honestum,
314 710 395 784 quod
409 708 514 768 colitur
526 709 563 767 ab
577 707 612 766 iis
627 708 677 785 qui
694 709 791 768 bonos
810 726 841 766 se
855 706 932 766 viros
946 707 1049 767 haberi
1062 709 1174 780 volunt,
1207 730 1219 778 5

28 794 60 823 ''¹
133 823 203 865 cum
224 804 430 886 emolumentis
452 823 593 881 umquam
614 816 658 864 est
680 805 921 881 comparandum,
936 815 1059 880 tamque
1077 804 1111 865 id
1124 806 1176 866 ho·

134 913 259 975 nestum,
272 902 354 978 quod
367 901 398 985 in
412 912 543 987 nostram
556 900 887 981 immi,
899 901 1047 962 tuendum
1060 921 1178 964 conser-

133 1001 324 1077 vandumque
338 998 424 1060 nobis
438 1011 482 1059 est
496 1019 585 1076 quam
601 999 680 1072 'llud,
696 1001 778 1076 quod
796 998 912 1085 proprie
927 998 1035 1060 dicitur
1042 1020 1178 1083 ,ΜΨ-ιε

135 1106 180 1156 est
187 1097 367 1182 ΜΨ,
386 1094 575 1172 sapientibus.
598 1019 703 1205 *Aliter
724 1094 803 1154 enim
824 1093 917 1155 teneri
937 1115 999 1155 non
1018 1106 1126 1172 potest,
1150 1095 1176 1157 si

136 1211 212 1270 quae
234 1193 272 1252 ad
293 1191 430 1252 virtutem
451 1205 496 1253 est
517 1195 594 1252 sacta
615 1192 785 1270 progressio.
822 1194 882 1253 Sed
902 1194 977 1254 haec
999 1193 1123 1272 quidem
1138 1195 1177 1255 de
1195 1221 1221 1256 10

135 1287 179 1361 iis,
200 1287 250 1364 qui
261 1264 495 1360 irenservatione
516 1289 680 1350 officiorum
700 1289 901 1350 existimantur
921 1277 1030 1372 bonis
1048 1292 1094 1350 18.
1117 1291 1179 1366 Qui

135 1397 234 1449 autem
258 1387 359 1447 omnia
381 1389 542 1449 metiuntur
561 1387 767 1448 emolumentis
787 1398 817 1448 et
836 1387 1003 1448 commodis
1024 1407 1122 1464 neque
1144 1407 1180 1448 ea

135 1486 238 1546 volunt
251 1485 478 1560 praeponderari
496 1488 659 1559 honestate,
674 1484 695 1544 ii
708 1487 804 1545 solent
818 1483 848 1544 in
863 1485 1056 1546 deliberando
1071 1488 1178 1547 hones·

135 1591 199 1643 tum
222 1600 291 1640 cum
315 1601 361 1656 e0,
386 1585 469 1660 quod
492 1584 563 1644 utile
587 1594 700 1662 putant,
726 1603 906 1660 comparare,
940 1585 1013 1645 boni
1037 1585 1091 1645 viri
1114 1604 1178 1646 non

168 1720 297 1751 exeamus
385 1681 487 1741 solent.
521 1683 626 1758 Itaque
641 1680 776 1741 existimo
791 1680 972 1752 Panaetium,
988 1699 1058 1740 cum
1072 1681 1178 1765 dixerit
1192 1703 1217 1752 ¹5

134 1759 354 1860 ffissfflffbffi‘f,
386 1781 520 1843 homines
543 1784 636 1853 solere
656 1781 688 1840 in
711 1784 767 1841 hac
789 1779 1011 1855 comparatione
1032 1779 1178 1852 dubitare,

134 1859 352 1961 fflssgssyssfflssfiss
385 1872 444 1932 hoe
457 1871 554 1948 ipsum
568 1871 701 1944 sensisse,
717 1871 800 1947 quod
813 1869 926 1944 dixerit,
940 1873 1058 1930 ‘solere’
1073 1871 1175 1945 mode,

133 1960 351 2054 {fidelhfflwRffiss
384 1989 445 2029 non
459 1968 547 2028 etiam
563 1970 727 2045 ‘oportere’
733 1944 767 2124 (Ἀ
770 1967 889 2027 Etenim
903 1987 965 2027 non
978 1969 1072 2028 modo
1086 1969 1176 2055 pluris

133 2060 353 2152 ffitffissssfssfjss
385 2077 488 2142 putare
509 2066 590 2141 quod
611 2065 682 2124 utile
702 2064 731 2123 vi
754 2075 836 2124 eatur
856 2082 946 2140 quam
967 2065 1050 2140 quod
1071 2066 1176 2126 hones·

134 2162 185 2212 ³²⁰1·
217 2160 352 2202 ¹¹¹u⁵ff³ti⁰¹t
388 2174 451 2222 tum
465 2170 511 2234 at,
528 2163 581 2222 sed
595 2162 668 2221 haee
683 2160 771 2221 etiam
782 2160 857 2220 inter
871 2180 902 2220 se
916 2178 1088 2237 comparare
1102 2173 1133 2223 et
1145 2162 1175 2222 in
1188 2183 1217 2245 ²9

135 2262 181 2323 his
209 2240 606 2419 addubitarepiurpissimum
629 2230 707 2335 esti
726 2256 807 2332 Quid
835 2276 904 2333 ergo
932 2267 984 2330 est,
1009 2259 1094 2333 quod
1114 2278 1176 2320 non

137 2354 299 2435 numquam
334 2360 373 2418 du
396 2358 548 2418 itationem
582 2355 695 2414 adferre
736 2355 828 2413 soleat
868 2351 1175 2431 considerandumque

137 2459 288 2520 videatur?
328 2459 436 2530 Cred0,
460 2453 626 2531 siquando
655 2450 799 2511 dubitatio
821 2449 936 2523 accidit,
961 2451 1050 2526 quale
1077 2450 1115 2511 sit
1133 2451 1173 2526 id,

134 2558 173 2619 de
195 2576 256 2633 quo
278 2554 486 2615 consideretur.
500 2540 576 2633 [19.
619 2552 713 2626 Saepe
736 2547 815 2608 enim
829 2557 961 2624 tempore
982 2549 1016 2608 fit
1037 2557 1077 2623 ut,
1094 2551 1175 2626 quod

49 2672 51 2676 ’
137 2666 222 2732 turpe
251 2655 423 2730 plerumque
451 2636 552 2709 haheri
579 2648 680 2719 soleat,
706 2645 877 2707 inveniatur·
897 2640 959 2705 non
986 2665 1052 2707 esse
1080 2657 1171 2725 turpe.
1185 2674 1209 2724 25

136 2752 272 2828 Exempli
293 2770 382 2811 eausa
403 2758 530 2826 ponatur
547 2745 659 2823 aliquid
673 2745 755 2821 quod
769 2754 868 2821 pateat
880 2743 975 2804 latius.
1020 2745 1112 2820 Quod
1125 2765 1174 2823 po

134 2861 191 2910 test
213 2849 307 2908 maius
330 2867 395 2908 esse
416 2848 512 2906 scelus
534 2863 623 2921 quam
645 2862 706 2902 non
728 2843 820 2902 modo
842 2840 1003 2915 hominem,
1019 2843 1074 2902 sed
1087 2843 1200 2954 etiam&

133 2947 304 3008 familiarem
318 2943 470 3005 hominem
484 2941 637 3002 occidere?
668 2943 750 2999 Num
763 2939 849 3016 igitur
863 2937 1042 3029 ⁵9.²⁸.i¹.iffi¹3‘ii
1056 2942 1170 3018 scelere,

134 3046 159 3106 si
180 3027 231 3121 qui
252 3056 406 3122 tyrannum
421 3040 530 3102 occidit
545 3037 678 3116 quamvis
691 3037 880 3098 familiarem?
884 3005 920 3148 J
920 3039 1038 3114 Populo
1052 3036 1170 3115 quidem

135 3146 273 3203 Romano
296 3160 357 3201 non
378 3140 501 3212 videtur,
526 3137 576 3215 qui
598 3157 635 3197 ex
657 3135 794 3195 omnibus
815 3133 971 3211 praeclaris
993 3133 1079 3195 sactis
1100 3134 1170 3196 illud
1181 3158 1205 3208 30

134 3236 361 3316 pulcherrimum
375 3218 529 3297 existimat.
572 3231 652 3291 Vicit
667 3250 735 3307 ergo
749 3229 858 3289 utilitas
872 3230 1078 3291 honestatem?
1117 3233 1171 3290 Im·

136 3353 187 3395 mo
201 3354 270 3396 vero
285 3334 423 3394 honestas
437 3331 594 3393 utilitatem
599 3350 609 3404 3
627 3331 793 3389 honestatem
807 3329 918 3386 utilitas
931 3338 1034 3389 secuta
1047 3339 1099 3391 est
1132 3372 1160 3445 ¹,

185 3525 214 3576 19
230 3510 361 3560 honestum
376 3511 408 3559 sit
421 3511 458 3559 Or
467 3510 498 3558 St
508 3515 635 3572 tamquam
645 3524 657 3556 a
667 3507 728 3556 cani.
740 3523 794 3555 cum
805 3506 891 3555 lrabeat
902 3505 951 3554 cad.
963 3506 1042 3556 Bam.
1053 3523 1074 3568 c,
1086 3506 1169 3559 hones·

133 3599 187 3644 tum
198 3600 234 3642 est
245 3591 377 3641 Fleckeisen
388 3591 506 3655 probante
515 3590 595 3639 Heinc
643 3591 653 3646 ΙΙ
699 3601 728 3650 31
746 3589 824 3637 immo
838 3601 897 3636 vero
911 3586 1028 3639 honestas
1042 3587 1168 3639 utilitatem

132 3681 217 3725 secuta
227 3673 267 3722 acl
275 3679 406 3722 consecuta
417 3679 453 3720 est
464 3671 538 3728 codd..
552 3671 608 3727 Lu:
624 3669 700 3717 immo
715 3683 773 3716 vero
784 3668 900 3719 honestas
910 3667 1058 3720 utilitatem
1073 3675 1099 3719 et
1107 3666 1167 3719 utili·
1250 3720 1252 3731 ¹

133 3763 171 3807 tas
190 3755 344 3804 honestatem
359 3760 443 3801 secuta
457 3759 494 3801 est
509 3752 621 3814 Ungrrus
634 3750 685 3797 coll.
698 3749 722 3797 A
725 3748 809 3798 ambros.
823 3746 853 3797 de
864 3746 905 3813 affl
920 3758 992 3823 1119,
1005 3746 1047 3813 6ο,
1058 3746 1168 3801 hountu

129 3837 278 3886 utilitatem:
293 3835 450 3907 honestatem
460 3833 554 3884 utilitas
565 3839 648 3883 secuta
659 3838 697 3881 est
707 3830 747 3879 Ba
758 3828 839 3879 Heime
