2512 4192
63 159 116 218 III
131 175 200 219 xxv
215 156 265 240 95]
328 161 378 218 De
395 160 561 219 contentione
579 161 703 218 Honesti
720 167 748 218 ct
772 161 859 220 Utilis
1059 182 1114 238 129

88 367 178 410 sem,
213 369 280 411 ωδ
320 330 441 408 quidem
460 332 604 409 promissa
622 334 766 392 servanda
784 345 861 406 sunt,
877 353 953 423 quae
969 353 1031 394 non
1045 348 1113 395 sunt

62 419 157 510 ξξζξξίξ,
189 420 280 510 2⁸²²ng
318 423 353 484 iis
367 423 437 501 ipsis
451 424 541 498 utilia,
556 424 663 501 quibus
676 424 727 483 illa
740 424 924 505 promiseris(
948 429 1000 487 Sol
1022 429 1114 487 Pha'e

62 518 277 620 woffilfffsdeff
315 519 411 582 thonti
424 520 494 594 filio,
509 531 542 580 ut
560 522 715 581 redeamus
730 521 768 581 ad
782 523 904 596 fabulas,
920 525 1064 583 facturum
1080 544 1111 584 se

60 633 76 710 f
104 621 275 721 “gtgssowsfnd
315 638 379 679 esse
393 618 466 678 dixit
480 617 626 694 quidquid
640 630 779 695 optasset.
823 620 946 696 Optavit
960 632 993 681 ut
1007 621 1038 680 in
1052 641 1115 681 cur-

315 739 380 778 rum
404 717 494 794 patris
522 719 687 777 tolleretur:
716 719 847 778 sublatus
875 730 937 778 est:
965 731 1054 796 atque
1076 720 1109 794 is,
1143 741 1157 791 5

62 829 132 878 ante
153 837 245 896 quam
266 816 405 888 constitit,
421 815 480 874 ictu
500 814 630 874 fulminis
645 815 822 891 deflagravit.
868 819 990 891 Quanto
1004 818 1109 878 melius

62 918 158 975 fuerat
185 915 217 975 in
243 916 303 975 hoc
326 912 503 990 promissum
524 912 613 988 patris
634 932 696 972 non
718 933 781 973 esse
804 919 982 975 servatuml‘
1010 916 1115 990 Quid?

63 1015 146 1090 quod
168 1014 304 1072 Theseus
325 1012 420 1088 exegit
439 1011 616 1087 promissum
637 1030 656 1070 a
676 1014 842 1088 Neptuno?
884 1013 942 1074 Cui
964 1033 1033 1073 cum
1054 1026 1112 1074 tres

64 1111 232 1189 optationes
255 1113 413 1186 Neptunus
428 1107 566 1180 dedisset,
583 1108 696 1184 optavit
715 1107 865 1168 interitum
880 1109 1039 1187 Hippolyti
1053 1111 1112 1181 filii,

63 1230 133 1269 cum
148 1209 173 1269 is
188 1208 263 1285 patri
277 1218 430 1284 suspectus
444 1217 521 1266 esset
535 1207 573 1265 de
587 1225 732 1278 noverca;
754 1224 814 1281 quo
835 1217 937 1282 optato
952 1206 1108 1284 impetrato
1128 1235 1157 1268 10

63 1307 201 1365 Theseus
229 1303 260 1363 in
287 1302 421 1363 maximis
448 1301 502 1361 suit
529 1301 665 1362 luctibus.
672 1284 696 1383 l
729 1320 776 1379 95.
811 1302 915 1377 Quid?
955 1306 1113 1378 Agamem-

63 1421 124 1462 non
144 1421 215 1461 cum
235 1399 401 1460 devovisset
422 1399 537 1458 Dianae
556 1400 639 1474 quod
657 1398 689 1457 in
709 1418 763 1459 suo
778 1419 868 1476 regno
884 1401 1113 1478 pulcherrimum

63 1512 167 1560 natum
186 1511 265 1560 esset
278 1499 329 1558 illo
348 1516 436 1571 anno,
449 1497 612 1557 immolavit
627 1497 823 1574 Iphigeniam,
840 1519 900 1575 qua
914 1499 985 1558 nihil
1000 1512 1062 1559 erat
1076 1519 1112 1560 eo

63 1597 187 1674 quidem
216 1613 295 1654 anno
323 1606 425 1654 natum
453 1593 590 1671 pulcrius.
634 1595 817 1654 Promissum
845 1595 943 1670 potius
964 1616 1026 1656 non
1046 1597 1113 1655 faci·

63 1696 177 1755 endum
191 1698 193 1702 '
207 1713 296 1770 quam
323 1703 384 1752 tam
406 1702 533 1752 taetrum
554 1691 667 1751 facinus
688 1692 907 1753 admittendum
928 1693 1007 1754 fuit:
1035 1697 1112 1772 Ergo
1128 1717 1155 1766 ¹5

170 1848 175 1858 ,
313 1803 342 1851 et
361 1791 505 1868 promissa
523 1809 585 1849 non
604 1790 740 1850 facienda
760 1810 999 1868 nonnumquam
1015 1812 1112 1869 neque

62 1858 138 1959 iiii?
153 1862 276 1940 Simile}
313 1904 430 1961 semper
439 1883 574 1961 deposita
587 1885 747 1944 reddenda
778 1884 808 1944 Si
816 1886 947 1962 gladium
958 1887 1023 1962 quis
1032 1890 1112 1965 apud

64 1959 85 1991 ‘⁰
95 1950 210 1991 mm
313 1995 343 2044 te
357 2002 428 2043 sana
441 1991 542 2040 mente
557 1981 734 2057 deposuerit,
746 1993 859 2057 repetat
876 1982 1033 2058 insaniens,
1049 1988 1113 2046 red-

62 2087 134 2145 dere
149 2094 306 2160 peccatum
321 2081 367 2153 sit,
381 2077 511 2138 officium
526 2096 587 2136 non
601 2079 732 2138 reddere.
764 2078 869 2153 Quid?
889 2079 914 2138 si
928 2080 961 2154 is,
971 2081 1023 2157 qui
1033 2083 1112 2158 apud

61 2193 92 2242 te
107 2181 267 2258 pecuniam
282 2175 459 2256 deposuerit,
475 2176 585 2234 bellum
599 2173 702 2234 inferat
716 2175 834 2250 patriae,
854 2178 999 2237 reddasne
1021 2179 1112 2254 depo·
1124 2205 1155 2238 20

62 2277 176 2337 situm?
218 2278 299 2348 Non,
315 2273 422 2346 credo,
443 2270 533 2329 facias
554 2269 633 2329 enim
655 2281 758 2330 contra
777 2290 839 2330 rem
860 2272 1018 2348 publicam,
1035 2294 1111 2350 quae

315 2369 406 2430 debet
427 2387 490 2427 esse
512 2366 668 2425 carissima.
681 2358 693 2423 l
713 2369 759 2443 96.
786 2368 835 2428 Sic
855 2371 955 2441 multa,
972 2389 1047 2445 quae
1061 2372 1112 2430 ho-

60 2443 276 2554 pgilissssfiss‘ffi}
315 2478 399 2528 nesta
413 2476 515 2524 natura
528 2464 665 2523 videntur
680 2483 753 2537 esse,
766 2466 947 2543 temporibus
962 2469 1035 2528 fiunt
1050 2488 1111 2527 non

61 2544 277 2645 {f‡{}⁵„¹g¹{„²¹}{{¹,2
314 2567 448 2625 honesta
485 2565 594 2622 Facere
608 2563 760 2639 promissa,
777 2575 852 2624 stare
868 2566 1031 2641 conventis,
1047 2570 1112 2628 red-

62 2645 277 2736 ξξῗζῇζξξῃῗζηῖξξ
315 2663 384 2720 dere
402 2648 769 2742 ¹deposital‘eommutata
796 2656 926 2759 utilimtd
948 2662 1022 2722 fiunt
1050 2684 1111 2724 non
1124 2689 1155 2736 ²5

62 2746 197 2787 ”⁶²¹²‘¹‘d·
314 2757 447 2816 honesta.
490 2757 536 2814 Ac
555 2754 593 2814 de
608 2755 642 2815 iis
657 2755 787 2832 quidem,
804 2776 880 2833 quae
895 2757 1033 2819 videntur
1047 2780 1111 2821 esse

63 2854 206 2914 utilitates
234 2864 336 2915 contra
363 2852 503 2914 iustitiam
531 2851 717 2913 simulatione
744 2853 927 2930 prudentiae,
950 2855 1019 2914 satis
1039 2859 1112 2918 arbi-

62 2965 124 3013 tror
139 2951 276 3040 dictumg

124 3049 185 3109 Sed
214 3047 355 3124 quoniam
376 3068 394 3108 a
415 3059 553 3124 quattuor
579 3048 711 3108 fontibus
735 3048 897 3108 honestatis
919 3049 1014 3126 primo
1035 3052 1110 3113 libro

63 3146 163 3208 officia
177 3146 322 3220 duximus,
338 3146 369 3205 in
385 3146 498 3206 eisdem
519 3166 675 3220 versemur,
691 3165 759 3204 eum
780 3146 954 3207 docebimus
975 3167 1019 3221 ea,
1035 3169 1111 3225 quae
1125 3171 1156 3220 30

63 3246 224 3306 videantur
250 3262 316 3304 esse
343 3243 426 3303 utilia
452 3263 550 3320 neque
571 3243 638 3317 sint,
661 3262 750 3319 quam
771 3243 830 3303 sint
850 3244 962 3304 virtutis
983 3244 1109 3306 inimica

64 3346 112 3402 Ac
132 3342 172 3403 de
192 3339 351 3418 prudentia
371 3341 502 3418 quidem,
519 3361 608 3418 quam
628 3342 690 3401 vult
710 3339 818 3401 imitari
838 3340 957 3414 malitia,
980 3341 1112 3419 itemque

113 3545 129 3593 8
153 3543 227 3591 verba
248 3543 288 3590 cui
311 3543 445 3592 cum-suit
467 3541 573 3590 luctibus
594 3540 681 3603 spnrr'o
701 3556 749 3588 esse
774 3540 896 3589 intellexit
918 3541 1065 3590 Volckonoer
1080 3544 1116 3590 nd

64 3624 133 3672 Eur.
146 3623 223 3687 Hitp.
233 3639 256 3672 v.
269 3625 315 3684 887
325 3640 333 3683 ;
349 3629 426 3672 toturn
438 3624 515 3671 locum
527 3628 556 3669 ut
565 3622 679 3669 cntblemo
690 3621 785 3669 seclusit
794 3622 836 3669 Ba
871 3625 880 3679 ΙΙ
920 3637 949 3671 10
965 3637 1015 3686 quo
1026 3630 1112 3686 optatu

64 3705 198 3769 impetrato
209 3704 240 3752 St
255 3718 268 3751 e
283 3704 387 3753 Bernc
422 3707 431 3760 ΙΙ
469 3717 500 3766 30
515 3702 667 3750 versabimur
682 3701 730 3750 Bet
745 3701 783 3750 Al
800 3702 842 3761 Or,
856 3718 980 3751 versemur
996 3703 1060 3751 codd.
1100 3708 1109 3761 lt

65 3800 96 3851 31
114 3785 231 3834 videntur
249 3785 288 3834 Or
321 3788 330 3842 ΙΙ
368 3800 396 3847 3²
415 3800 444 3835 ac
456 3785 487 3834 de
499 3784 687 3848 prudentia-et
699 3783 876 3847 temperantiae
887 3790 916 3831 nt
924 3784 1010 3847 optorto
1020 3783 1113 3833 seton

64 3864 108 3917 Ba
116 3872 216 3915 auctore
223 3865 358 3915 Fascioloto

64 4020 68 4027 Ι
135 3958 192 4000 cro
206 3943 319 4016 (latest
542 3897 546 3907 ·
1042 3968 1064 4024 ς)
