2512 4192
152 169 191 228 80
541 166 591 224 De
607 163 778 239 beneficentia
1037 155 1086 239 [11
1101 176 1144 220 xv
1160 174 1197 238 54

150 346 247 409 ¹suum,
276 335 330 394 sed
354 332 519 393 ministrum
547 343 577 393 et
603 331 800 409 praebitorem
828 340 945 407 sperent
969 330 1065 389 sore?
1113 331 1195 390 Bene

154 432 337 492 ‘ministrum
371 440 401 490 et
434 429 649 506 praebitorem',
684 427 755 504 quia
792 426 945 486 sordidum
978 425 1049 502 regi,
1089 424 1196 486 melius

152 528 251 602 etiarn,
267 528 348 605 quod
367 525 551 603 largitionem
570 525 767 602 corruptelam
786 542 850 583 esse
864 522 945 582 dixit
989 522 1037 581 Fit
1052 520 1133 582 enim
1149 522 1198 581 de·

153 624 241 685 terior
256 623 306 701 qui
320 622 426 699 accipit
440 632 529 698 atque
546 622 585 680 ad
599 620 680 680 idem
695 639 811 697 semper
827 619 1044 696 expectandum
1063 558 1247 707 paratiorIJZ

149 734 201 798 54.
245 724 316 780 Hoc
334 719 382 778 ille
396 718 466 791 filio,
482 719 536 778 sed
549 727 739 795 praeceptum
752 727 891 792 putemus
910 714 1059 775 omnibus.
1090 716 1199 790 Quam·
1225 730 1237 780 5

153 818 255 878 obrem
276 816 308 875 id
328 814 450 892 quidem
473 833 536 874 non
555 813 680 873 dubium
701 822 754 885 est,
776 812 847 888 quin
868 811 919 870 illa
932 810 1107 888 benignitas,
1123 830 1199 888 quae

153 923 269 974 constet
283 932 319 972 ex
334 931 424 988 opera
437 923 467 972 et
481 909 633 983 industria,
653 921 683 969 et
696 908 848 969 honestior
862 907 899 967 sit
912 918 942 967 et
956 906 1043 968 latius
1057 919 1159 984 pateat
1171 920 1200 969 et

233 1061 238 1071 .
327 1062 332 1072 .
403 1006 496 1084 possit
510 1007 651 1084 prodesse
665 1004 814 1082 pluribus:
836 1023 897 1063 non
916 1023 1082 1080 numquam
1101 1015 1201 1064 tamen

154 1060 364 1152 ilh‘lillil‘ssilll
403 1113 448 1163 est
466 1103 651 1180 largiendum
672 1121 728 1161 nec
748 1101 807 1161 hoc
823 1099 1012 1177 benignitatis
1028 1120 1122 1178 genus
1141 1119 1203 1160 om·

153 1162 287 1221 atessounty.
309 1163 362 1203 Give
426 1197 432 1209 .
594 1198 599 1209 .
972 1194 978 1206 .
1064 1195 1071 1206 .
1184 1196 1191 1209 .

154 1211 226 1252 wnnm
268 1225 363 1263 compass
402 1218 475 1258 nmo
497 1198 715 1275 repudiandum
736 1205 782 1256 est
804 1205 835 1255 et
857 1214 945 1271 saepe
969 1195 1088 1255 rdoners
1108 1197 1202 1256 homr-
1215 1217 1241 1253 ιο

154 1261 363 1303 andwithduere·
426 1295 432 1307 .
506 1295 512 1308 .
560 1295 565 1307 .
640 1295 646 1306 .
877 1293 904 1304 ..
940 1293 967 1305 ..
1070 1293 1076 1306 .

154 1311 208 1361 gard
247 1321 269 1353 to
309 1325 364 1363 your
403 1297 490 1356 nibus
504 1296 704 1373 indigentibus
716 1296 754 1354 de
768 1313 799 1354 re
814 1296 948 1353 famrlrarr
959 1296 1201 1371 impertrendum,

155 1375 234 1404 'neam'
404 1393 458 1452 sed
486 1392 640 1469 diligenter
666 1403 757 1469 atque
791 1393 951 1452 moderate.
996 1393 1088 1453 Multi
1121 1394 1202 1457 enim

153 1488 330 1566 patrimonia
348 1490 516 1549 effuderunt
537 1489 703 1549 inconsulte
724 1488 885 1566 largiendo
929 1489 1013 1564 Quid
1034 1501 1136 1552 autem
1157 1503 1202 1553 est

155 1584 270 1644 stultius
285 1604 380 1661 quam¹
403 1586 486 1662 quod
504 1585 631 1646 libenter
648 1585 746 1660 facias,
767 1605 868 1646 curare
882 1596 915 1645 ut
929 1585 961 1646 id
975 1587 1088 1648 diutius
1106 1590 1203 1651 facere

155 1702 216 1743 non
242 1684 360 1760 possis?
399 1687 499 1761 Atque
532 1685 621 1745 etiam
657 1696 820 1762 sequuntur
852 1685 1038 1762 largitionem
1072 1686 1201 1764 rapinae.
1216 1700 1240 1752 ¹5

157 1781 235 1840 Cum
263 1779 342 1837 enirn
376 1781 476 1840 dando
510 1799 595 1858 egere
630 1791 801 1856 coeperunt,
837 1779 940 1838 alienis
974 1780 1063 1840 bonis
1097 1801 1203 1844 manus

156 1878 257 1936 afferre
275 1887 428 1952 coguntur.
472 1879 527 1948 Ita,
543 1896 613 1936 eum
631 1875 856 1941 benevolentiae
875 1878 1096 1952 comparandae
1114 1899 1204 1941 causa

155 1973 281 2034 benefici
296 1973 474 2056 essevelint,
487 1993 548 2033 non
562 1984 644 2033 tanta
657 1972 756 2033 studia
769 1983 966 2048 assequuntur
979 1976 1204 2053 eorumquibus

156 2072 309 2143 dederunt,
329 2081 439 2146 quanta
453 2070 522 2129 odia
540 2090 649 2146 eorum,
658 2069 765 2147 quibus
784 2070 966 2130 ademerunt.
1011 2087 1059 2149 55.
1104 2076 1204 2150 Quam

156 2166 194 2225 ob
209 2185 271 2225 rem
285 2185 341 2224 nec
355 2165 396 2224 ita
414 2167 582 2225 claudenda
599 2186 645 2226 res
665 2176 709 2226 est
728 2165 886 2238 familiaris
907 2176 940 2225 ut
954 2185 1022 2225 eam
1036 2168 1204 2248 benignitas
1215 2189 1245 2226 ro

154 2262 265 2339 aperire
280 2282 341 2322 non
354 2262 455 2339 possit,
468 2282 523 2322 nec
537 2263 579 2322 ita
592 2264 756 2335 reseranda,
769 2275 801 2322 ut
812 2274 911 2341 pateat
925 2264 1082 2326 omnibus:
1096 2271 1204 2331 modus

155 2360 328 2421 adhibeatur
348 2361 432 2439 isque
453 2364 593 2422 referatur
613 2364 653 2422 ad
673 2365 834 2422 facultates.
877 2363 1012 2425 Omnino
1031 2366 1205 2430 meminisse

156 2457 299 2517 debemus
320 2456 359 2529 id,
383 2458 464 2532 quod
485 2477 503 2517 a
523 2458 629 2518 nostris
650 2458 820 2518 hominibus
840 2459 1010 2536 saepissime
1029 2473 1205 2539 usurpatum

155 2553 213 2612 iam
228 2553 259 2611 in
273 2553 419 2629 proverbii
432 2554 681 2614 consuetudinem
694 2555 783 2628 venit,
791 2548 983 2633 ‘largitionem
997 2558 1127 2618 fundum
1141 2578 1204 2620 non

155 2653 282 2711 habere’.
307 2650 427 2710 Etenim
441 2651 506 2727 quis
520 2662 618 2728 potest
633 2653 740 2711 modus
754 2671 827 2725 esse,
842 2672 913 2711 cum
926 2663 957 2712 et
969 2651 1052 2713 idem
1067 2655 1121 2732 qui
1133 2677 1205 2719 con·
1219 2678 1247 2729 2⁵

156 2759 275 2809 suerunt
289 2758 319 2807 et
332 2747 414 2807 idem
428 2747 501 2807 illud
515 2748 564 2806 alii
578 2747 768 2808 desiderent?

79 2856 144 2905 XVI
465 2842 598 2903 Omnino
617 2844 679 2902 duo
694 2855 762 2902 sunt
776 2847 884 2921 genera
896 2846 1053 2923 largorum,
1075 2867 1205 2925 quorum

183 2956 218 3007 (A)
241 2957 368 3017 ornarat
405 2940 487 3000 alteri
501 2939 625 3018 prodigi,
647 2939 730 2999 alteri
744 2939 898 3000 liberales:
919 2940 1045 3019 prodigi,
1064 2944 1118 3021 qui
1132 2965 1206 3025 epu-

155 3009 242 3099 {iicii
264 3008 365 3049 Bm
403 3037 439 3097 lis
453 3049 483 3098 et
496 3037 737 3097 viscerationibus
758 3048 788 3097 et
801 3037 1000 3114 gladiatorum
1018 3042 1203 3119 muneribus,

168 3143 204 3173 ΕΗ·
220 3143 348 3173 xvi-xvm.
403 3135 542 3193 ludorum
555 3133 806 3209 venationumque
821 3143 961 3209 apparatu
978 3137 1124 3210 pecunias
1137 3160 1205 3217 pro·
1221 3168 1251 3217 3⁰

155 3197 366 3296 niiiirLiir‘iiil
404 3231 532 3290 fundunt
549 3230 580 3289 in
599 3250 648 3290 eas
665 3250 719 3303 res,
736 3250 861 3307 quarum
879 3233 1056 3293 memoriam
1075 3248 1128 3297 aut
1143 3240 1206 3303 bre·

154 3295 366 3415 sssslsstrfflgea'fgy.
403 3346 471 3386 vem
480 3341 531 3389 aut
545 3329 657 3388 nullam
668 3328 791 3388 omnino
810 3328 868 3388 sint
889 3329 1035 3408 relicturi,
1062 3339 1109 3411 56.
1133 3337 1207 3401 libe

403 3427 477 3485 rales
505 3437 613 3499 autem,
643 3426 694 3502 qui
720 3427 780 3486 suis
808 3428 996 3489 facultatibus
1023 3442 1077 3491 aut
1098 3446 1205 3513 captos

156 3543 171 3583 a
187 3524 385 3601 praedonibus
404 3522 554 3583 redimunt
572 3534 624 3584 aut
642 3544 692 3584 aes
711 3524 841 3584 alienum
860 3525 1025 3602 suscipiunt
1037 3529 1204 3593 amicomm

155 3619 251 3679 autin
270 3619 394 3678 filiarum
413 3619 608 3680 collocatione
624 3620 766 3681 adiuvant
785 3632 836 3681 aut
855 3621 1038 3698 opitulantur
1055 3626 1105 3685 vel
1117 3624 1150 3687 in
1171 3646 1204 3689 re
1216 3648 1247 3701 35

154 3725 369 3817 Llfflppsanqppg
406 3715 575 3789 quaerenda
600 3716 647 3775 vel
674 3717 818 3793 augenda
871 3720 977 3794 Itaque
1005 3717 1096 3781 miror
1128 3719 1201 3799 quid

149 3827 223 3876 plane
244 3827 314 3868 shows
330 3840 367 3869 are
404 3813 436 3874 in
464 3825 597 3876 mentem
619 3815 733 3878 venerit
758 3817 966 3895 Theophrasto
992 3817 1025 3879 in
1051 3838 1090 3881 eo
1115 3818 1197 3889 libro.
