<?xml version="1.0" encoding="UTF-8"?>
<!DOCTYPE html PUBLIC "-//W3C//DTD XHTML 1.0 Transitional//EN"
    "http://www.w3.org/TR/xhtml1/DTD/xhtml1-transitional.dtd">
<html xmlns="http://www.w3.org/1999/xhtml" xml:lang="en" lang="en">
 <head>
  <title>
</title>
<meta http-equiv="Content-Type" content="text/html;charset=utf-8" />
  <meta name='ocr-system' content='tesseract 3.04.00' />
  <meta name='ocr-capabilities' content='ocr_page ocr_carea ocr_par ocr_line ocrx_word'/>
</head>
<body>
  <div class='ocr_page' id='page_1' title='image "./deofficiislibri01cicegoog_0125.png"; bbox 0 0 2512 4192; ppageno 0'>
   <div class='ocr_carea' id='block_1_1' title="bbox 105 152 1148 236">
    <p class='ocr_par' dir='ltr' id='par_1_1' title="bbox 105 152 1148 236">
     <span class='ocr_line' id='line_1_1' title="bbox 105 152 1148 236; baseline 0.005 -24"><span class='ocrx_word' id='word_1_1' title='bbox 105 155 144 213; x_wconf 88' lang='lat'>66</span> <span class='ocrx_word' id='word_1_2' title='bbox 341 154 482 214; x_wconf 83' lang='lat' dir='ltr'><em>Homines</em></span> <span class='ocrx_word' id='word_1_3' title='bbox 500 155 662 215; x_wconf 75' lang='lat' dir='ltr'>honrinibm</span> <span class='ocrx_word' id='word_1_4' title='bbox 681 156 806 214; x_wconf 73' lang='lat' dir='ltr'>maxim</span> <span class='ocrx_word' id='word_1_5' title='bbox 824 156 907 214; x_wconf 81' lang='lat' dir='ltr'>utiles</span> <span class='ocrx_word' id='word_1_6' title='bbox 1022 152 1070 236; x_wconf 92' lang='lat'>[11</span> <span class='ocrx_word' id='word_1_7' title='bbox 1083 172 1104 216; x_wconf 79' lang='lat' dir='ltr'>v</span> <span class='ocrx_word' id='word_1_8' title='bbox 1117 159 1148 217; x_wconf 82' lang='lat'>16</span> 
     </span>
    </p>
   </div>
   <div class='ocr_carea' id='block_1_2' title="bbox 102 319 1148 499">
    <p class='ocr_par' dir='ltr' id='par_1_2' title="bbox 102 319 1148 499">
     <span class='ocr_line' id='line_1_2' title="bbox 104 319 1148 384; baseline 0.002 -4"><span class='ocrx_word' id='word_1_9' title='bbox 104 319 184 381; x_wconf 87' lang='lat' dir='ltr'>victu</span> <span class='ocrx_word' id='word_1_10' title='bbox 199 330 229 381; x_wconf 88' lang='lat' dir='ltr'>et</span> <span class='ocrx_word' id='word_1_11' title='bbox 242 321 322 381; x_wconf 90' lang='lat' dir='ltr'>cultu</span> <span class='ocrx_word' id='word_1_12' title='bbox 336 321 518 382; x_wconf 83' lang='lat' dir='ltr'>bestiarum?</span> <span class='ocrx_word' id='word_1_13' title='bbox 545 321 644 382; x_wconf 87' lang='lat' dir='ltr'>Urbes</span> <span class='ocrx_word' id='word_1_14' title='bbox 656 341 729 383; x_wconf 88' lang='lat' dir='ltr'>vero</span> <span class='ocrx_word' id='word_1_15' title='bbox 742 321 807 383; x_wconf 90' lang='lat' dir='ltr'>sine</span> <span class='ocrx_word' id='word_1_16' title='bbox 819 320 981 382; x_wconf 90' lang='lat' dir='ltr'>hominum</span> <span class='ocrx_word' id='word_1_17' title='bbox 991 332 1081 384; x_wconf 89' lang='lat' dir='ltr'>coetu</span> <span class='ocrx_word' id='word_1_18' title='bbox 1092 339 1148 383; x_wconf 89' lang='lat' dir='ltr'>non</span> 
     </span>
     <span class='ocr_line' id='line_1_3' title="bbox 102 416 1147 499; baseline 0.003 -22"><span class='ocrx_word' id='word_1_19' title='bbox 102 416 269 495; x_wconf 90' lang='lat' dir='ltr'>potuissent</span> <span class='ocrx_word' id='word_1_20' title='bbox 279 437 336 478; x_wconf 90' lang='lat' dir='ltr'>nec</span> <span class='ocrx_word' id='word_1_21' title='bbox 348 418 497 478; x_wconf 87' lang='lat' dir='ltr'>aedificari</span> <span class='ocrx_word' id='word_1_22' title='bbox 510 438 568 479; x_wconf 92' lang='lat' dir='ltr'>nec</span> <span class='ocrx_word' id='word_1_23' title='bbox 582 419 769 496; x_wconf 82' lang='lat' dir='ltr'>frequentari,</span> <span class='ocrx_word' id='word_1_24' title='bbox 778 438 816 481; x_wconf 87' lang='lat' dir='ltr'>ex</span> <span class='ocrx_word' id='word_1_25' title='bbox 824 438 888 496; x_wconf 89' lang='lat' dir='ltr'>quo</span> <span class='ocrx_word' id='word_1_26' title='bbox 901 421 984 497; x_wconf 86' lang='lat' dir='ltr'>leges</span> <span class='ocrx_word' id='word_1_27' title='bbox 997 439 1147 499; x_wconf 86' lang='lat' dir='ltr'>moresque</span> 
     </span>
    </p>
   </div>
   <div class='ocr_carea' id='block_1_3' title="bbox 69 611 1179 978">
    <p class='ocr_par' dir='ltr' id='par_1_3' title="bbox 103 611 1179 962">
     <span class='ocr_line' id='line_1_4' title="bbox 104 611 1152 690; baseline 0.002 -18"><span class='ocrx_word' id='word_1_28' title='bbox 104 631 177 690; x_wconf 88' lang='lat' dir='ltr'>quas</span> <span class='ocrx_word' id='word_1_29' title='bbox 190 631 236 672; x_wconf 91' lang='lat' dir='ltr'>res</span> <span class='ocrx_word' id='word_1_30' title='bbox 250 621 280 671; x_wconf 89' lang='lat' dir='ltr'>et</span> <span class='ocrx_word' id='word_1_31' title='bbox 293 612 492 671; x_wconf 89' lang='lat' dir='ltr'>mansuetudo</span> <span class='ocrx_word' id='word_1_32' title='bbox 504 611 673 672; x_wconf 89' lang='lat' dir='ltr'>animorum</span> <span class='ocrx_word' id='word_1_33' title='bbox 687 623 848 673; x_wconf 83' lang='lat' dir='ltr'>consecuta</span> <span class='ocrx_word' id='word_1_34' title='bbox 866 623 897 672; x_wconf 92' lang='lat' dir='ltr'>et</span> <span class='ocrx_word' id='word_1_35' title='bbox 909 613 1093 674; x_wconf 89' lang='lat' dir='ltr'>verecundia</span> <span class='ocrx_word' id='word_1_36' title='bbox 1108 625 1152 688; x_wconf 86' lang='lat' dir='ltr'>est,</span> 
     </span>
     <span class='ocr_line' id='line_1_5' title="bbox 103 707 1179 788; baseline 0 -17"><span class='ocrx_word' id='word_1_37' title='bbox 103 711 302 787; x_wconf 85' lang='lat' dir='ltr'>effectumque</span> <span class='ocrx_word' id='word_1_38' title='bbox 315 720 349 769; x_wconf 92' lang='lat' dir='ltr'>ut</span> <span class='ocrx_word' id='word_1_39' title='bbox 362 719 439 770; x_wconf 91' lang='lat' dir='ltr'>esset</span> <span class='ocrx_word' id='word_1_40' title='bbox 449 708 510 767; x_wconf 89' lang='lat' dir='ltr'>vita</span> <span class='ocrx_word' id='word_1_41' title='bbox 523 707 664 769; x_wconf 90' lang='lat' dir='ltr'>munitior</span> <span class='ocrx_word' id='word_1_42' title='bbox 673 718 763 785; x_wconf 88' lang='lat' dir='ltr'>atque</span> <span class='ocrx_word' id='word_1_43' title='bbox 776 719 810 768; x_wconf 93' lang='lat' dir='ltr'>ut</span> <span class='ocrx_word' id='word_1_44' title='bbox 820 709 923 769; x_wconf 89' lang='lat' dir='ltr'>dando</span> <span class='ocrx_word' id='word_1_45' title='bbox 937 720 969 769; x_wconf 90' lang='lat' dir='ltr'>et</span> <span class='ocrx_word' id='word_1_46' title='bbox 979 709 1146 788; x_wconf 89' lang='lat' dir='ltr'>accipiendo</span> <span class='ocrx_word' id='word_1_47' title='bbox 1168 732 1179 780; x_wconf 78' lang='lat'>⁵</span> 
     </span>
     <span class='ocr_line' id='line_1_6' title="bbox 106 780 1122 962; baseline 0 -96"><span class='ocrx_word' id='word_1_48' title='bbox 106 806 315 884; x_wconf 87' lang='lat' dir='ltr'>mutandisque</span> <span class='ocrx_word' id='word_1_49' title='bbox 328 804 515 865; x_wconf 84' lang='lat' dir='ltr'>facultatibus</span> <span class='ocrx_word' id='word_1_50' title='bbox 529 814 559 865; x_wconf 94' lang='lat' dir='ltr'>et</span> <span class='ocrx_word' id='word_1_51' title='bbox 573 803 741 865; x_wconf 89' lang='lat' dir='ltr'>commodis</span> <span class='ocrx_word' id='word_1_52' title='bbox 753 806 835 863; x_wconf 88' lang='lat' dir='ltr'>nulla</span> <span class='ocrx_word' id='word_1_53' title='bbox 848 824 880 866; x_wconf 87' lang='lat' dir='ltr'>re</span> <span class='ocrx_word' id='word_1_54' title='bbox 893 823 1059 882; x_wconf 86' lang='lat' dir='ltr'>egeremus.</span> <span class='ocrx_word' id='word_1_55' title='bbox 1077 780 1122 962; x_wconf 44' lang='grc' dir='ltr'>ἴ</span> 
     </span>
    </p>

    <p class='ocr_par' dir='ltr' id='par_1_4' title="bbox 69 900 1145 978">
     <span class='ocr_line' id='line_1_7' title="bbox 69 900 1145 978; baseline 0.009 -25"><span class='ocrx_word' id='word_1_56' title='bbox 69 908 92 953; x_wconf 68' lang='lat' dir='ltr'>x·</span> <span class='ocrx_word' id='word_1_57' title='bbox 416 902 460 960; x_wconf 90' lang='lat'>16.</span> <span class='ocrx_word' id='word_1_58' title='bbox 503 900 665 978; x_wconf 85' lang='lat' dir='ltr'>Longiores</span> <span class='ocrx_word' id='word_1_59' title='bbox 688 901 747 961; x_wconf 91' lang='lat' dir='ltr'>hoc</span> <span class='ocrx_word' id='word_1_60' title='bbox 769 901 838 960; x_wconf 91' lang='lat' dir='ltr'>loco</span> <span class='ocrx_word' id='word_1_61' title='bbox 862 920 968 960; x_wconf 89' lang='lat' dir='ltr'>sumus</span> <span class='ocrx_word' id='word_1_62' title='bbox 990 920 1082 978; x_wconf 87' lang='lat' dir='ltr'>quam</span> <span class='ocrx_word' id='word_1_63' title='bbox 1121 922 1145 963; x_wconf 90' lang='lat' dir='ltr'>e·</span> 
     </span>
    </p>
   </div>
   <div class='ocr_carea' id='block_1_4' title="bbox 105 949 1144 1078">
    <p class='ocr_par' dir='ltr' id='par_1_5' title="bbox 105 949 1144 1078">
     <span class='ocr_line' id='line_1_8' title="bbox 105 949 1144 1078; baseline 0.011 -28"><span class='ocrx_word' id='word_1_64' title='bbox 105 949 315 1052; x_wconf 58' lang='lat' dir='ltr'>odiriiiiniiffi</span> <span class='ocrx_word' id='word_1_65' title='bbox 352 1017 435 1059; x_wconf 89' lang='lat' dir='ltr'>cesse</span> <span class='ocrx_word' id='word_1_66' title='bbox 460 1008 512 1058; x_wconf 90' lang='lat' dir='ltr'>est.</span> <span class='ocrx_word' id='word_1_67' title='bbox 556 997 632 1073; x_wconf 89' lang='lat' dir='ltr'>Quis</span> <span class='ocrx_word' id='word_1_68' title='bbox 656 1009 701 1059; x_wconf 94' lang='lat' dir='ltr'>est</span> <span class='ocrx_word' id='word_1_69' title='bbox 724 997 805 1059; x_wconf 92' lang='lat' dir='ltr'>enim</span> <span class='ocrx_word' id='word_1_70' title='bbox 832 998 882 1057; x_wconf 91' lang='lat' dir='ltr'>cui</span> <span class='ocrx_word' id='word_1_71' title='bbox 905 1017 970 1059; x_wconf 91' lang='lat' dir='ltr'>non</span> <span class='ocrx_word' id='word_1_72' title='bbox 997 1000 1144 1078; x_wconf 87' lang='lat' dir='ltr'>perspicua</span> 
     </span>
    </p>
   </div>
   <div class='ocr_carea' id='block_1_5' title="bbox 102 1065 1178 1847">
    <p class='ocr_par' dir='ltr' id='par_1_6' title="bbox 102 1065 1178 1847">
     <span class='ocr_line' id='line_1_9' title="bbox 104 1065 1145 1193; baseline 0.003 -39"><span class='ocrx_word' id='word_1_73' title='bbox 104 1065 318 1193; x_wconf 48' lang='lat' dir='ltr'>ffidffiniii</span> <span class='ocrx_word' id='word_1_74' title='bbox 355 1095 414 1155; x_wconf 92' lang='lat' dir='ltr'>sint</span> <span class='ocrx_word' id='word_1_75' title='bbox 430 1094 488 1168; x_wconf 88' lang='lat' dir='ltr'>illa,</span> <span class='ocrx_word' id='word_1_76' title='bbox 510 1113 587 1171; x_wconf 89' lang='lat' dir='ltr'>qnae</span> <span class='ocrx_word' id='word_1_77' title='bbox 605 1095 738 1172; x_wconf 88' lang='lat' dir='ltr'>pluribus</span> <span class='ocrx_word' id='word_1_78' title='bbox 756 1095 853 1156; x_wconf 91' lang='lat' dir='ltr'>verbis</span> <span class='ocrx_word' id='word_1_79' title='bbox 870 1115 890 1154; x_wconf 88' lang='lat' dir='ltr'>a</span> <span class='ocrx_word' id='word_1_80' title='bbox 908 1097 1056 1157; x_wconf 82' lang='lat' dir='ltr'>Panaetio</span> <span class='ocrx_word' id='word_1_81' title='bbox 1074 1117 1145 1159; x_wconf 92' lang='lat' dir='ltr'>com-</span> 
     </span>
     <span class='ocr_line' id='line_1_10' title="bbox 128 1165 1178 1267; baseline 0.005 -19"><span class='ocrx_word' id='word_1_82' title='bbox 128 1165 219 1203; x_wconf 50' lang='grc' dir='ltr'>ΝΜ</span> <span class='ocrx_word' id='word_1_83' title='bbox 262 1166 296 1202; x_wconf 55' lang='lat' dir='ltr'>an’</span> <span class='ocrx_word' id='word_1_84' title='bbox 352 1200 561 1264; x_wconf 88' lang='lat' dir='ltr'>memorantur,</span> <span class='ocrx_word' id='word_1_85' title='bbox 583 1190 734 1251; x_wconf 92' lang='lat' dir='ltr'>neminem</span> <span class='ocrx_word' id='word_1_86' title='bbox 754 1209 852 1267; x_wconf 91' lang='lat' dir='ltr'>neque</span> <span class='ocrx_word' id='word_1_87' title='bbox 873 1192 986 1252; x_wconf 87' lang='lat' dir='ltr'>ducem</span> <span class='ocrx_word' id='word_1_88' title='bbox 1005 1193 1077 1254; x_wconf 88' lang='lat' dir='ltr'>belli</span> <span class='ocrx_word' id='word_1_89' title='bbox 1095 1214 1178 1255; x_wconf 74' lang='lat' dir='ltr'>necto</span> 
     </span>
     <span class='ocr_line' id='line_1_11' title="bbox 104 1285 1144 1365; baseline 0.005 -19"><span class='ocrx_word' id='word_1_90' title='bbox 104 1286 268 1365; x_wconf 89' lang='lat' dir='ltr'>principem</span> <span class='ocrx_word' id='word_1_91' title='bbox 282 1285 367 1347; x_wconf 92' lang='lat' dir='ltr'>domi</span> <span class='ocrx_word' id='word_1_92' title='bbox 384 1304 505 1364; x_wconf 89' lang='lat' dir='ltr'>magnas</span> <span class='ocrx_word' id='word_1_93' title='bbox 523 1305 569 1347; x_wconf 90' lang='lat' dir='ltr'>res</span> <span class='ocrx_word' id='word_1_94' title='bbox 583 1297 614 1347; x_wconf 91' lang='lat' dir='ltr'>et</span> <span class='ocrx_word' id='word_1_95' title='bbox 627 1288 767 1348; x_wconf 87' lang='lat' dir='ltr'>salutares</span> <span class='ocrx_word' id='word_1_96' title='bbox 787 1286 850 1347; x_wconf 89' lang='lat' dir='ltr'>sine</span> <span class='ocrx_word' id='word_1_97' title='bbox 868 1286 1030 1349; x_wconf 90' lang='lat' dir='ltr'>hominum</span> <span class='ocrx_word' id='word_1_98' title='bbox 1047 1289 1144 1351; x_wconf 87' lang='lat' dir='ltr'>studiis</span> 
     </span>
     <span class='ocr_line' id='line_1_12' title="bbox 103 1382 1143 1460; baseline 0.002 -16"><span class='ocrx_word' id='word_1_99' title='bbox 103 1403 202 1460; x_wconf 85' lang='lat' dir='ltr'>gerere</span> <span class='ocrx_word' id='word_1_100' title='bbox 216 1382 369 1460; x_wconf 88' lang='lat' dir='ltr'>potuisse?</span> <span class='ocrx_word' id='word_1_101' title='bbox 412 1383 726 1443; x_wconf 86' lang='lat' dir='ltr'>Commemoratur&#39;ab¹</span> <span class='ocrx_word' id='word_1_102' title='bbox 737 1402 774 1443; x_wconf 93' lang='lat' dir='ltr'>eo</span> <span class='ocrx_word' id='word_1_103' title='bbox 788 1382 1008 1444; x_wconf 88' lang='lat' dir='ltr'>Themistocles</span> <span class='ocrx_word' id='word_1_104' title='bbox 1024 1385 1143 1447; x_wconf 90' lang='lat' dir='ltr'>Pericles</span> 
     </span>
     <span class='ocr_line' id='line_1_13' title="bbox 104 1478 1145 1558; baseline 0.001 -17"><span class='ocrx_word' id='word_1_105' title='bbox 104 1481 197 1557; x_wconf 88' lang='lat' dir='ltr'>Cyrus</span> <span class='ocrx_word' id='word_1_106' title='bbox 212 1479 366 1558; x_wconf 86' lang='lat' dir='ltr'>Agesilaus</span> <span class='ocrx_word' id='word_1_107' title='bbox 379 1479 558 1552; x_wconf 81' lang='lat' dir='ltr'>Alexander,</span> <span class='ocrx_word' id='word_1_108' title='bbox 575 1498 651 1555; x_wconf 92' lang='lat' dir='ltr'>quos</span> <span class='ocrx_word' id='word_1_109' title='bbox 669 1489 757 1557; x_wconf 78' lang='lat' dir='ltr'>negat</span> <span class='ocrx_word' id='word_1_110' title='bbox 775 1478 839 1539; x_wconf 91' lang='lat' dir='ltr'>sine</span> <span class='ocrx_word' id='word_1_111' title='bbox 857 1478 1041 1541; x_wconf 88' lang='lat' dir='ltr'>adiumentis</span> <span class='ocrx_word' id='word_1_112' title='bbox 1059 1481 1145 1542; x_wconf 90' lang='lat' dir='ltr'>homi·</span> 
     </span>
     <span class='ocr_line' id='line_1_14' title="bbox 105 1574 1144 1652; baseline 0.005 -18"><span class='ocrx_word' id='word_1_113' title='bbox 105 1595 177 1636; x_wconf 92' lang='lat' dir='ltr'>num</span> <span class='ocrx_word' id='word_1_114' title='bbox 191 1586 288 1636; x_wconf 89' lang='lat' dir='ltr'>tantas</span> <span class='ocrx_word' id='word_1_115' title='bbox 301 1595 347 1636; x_wconf 90' lang='lat' dir='ltr'>res</span> <span class='ocrx_word' id='word_1_116' title='bbox 361 1576 476 1637; x_wconf 85' lang='lat' dir='ltr'>efficere</span> <span class='ocrx_word' id='word_1_117' title='bbox 490 1574 630 1652; x_wconf 90' lang='lat' dir='ltr'>potuisse.</span> <span class='ocrx_word' id='word_1_118' title='bbox 675 1574 777 1636; x_wconf 88' lang='lat' dir='ltr'>Utitur</span> <span class='ocrx_word' id='word_1_119' title='bbox 794 1574 826 1634; x_wconf 92' lang='lat' dir='ltr'>in</span> <span class='ocrx_word' id='word_1_120' title='bbox 838 1594 871 1636; x_wconf 89' lang='lat' dir='ltr'>re</span> <span class='ocrx_word' id='word_1_121' title='bbox 889 1594 952 1635; x_wconf 92' lang='lat' dir='ltr'>non</span> <span class='ocrx_word' id='word_1_122' title='bbox 967 1576 1061 1637; x_wconf 88' lang='lat' dir='ltr'>dubia</span> <span class='ocrx_word' id='word_1_123' title='bbox 1073 1577 1144 1639; x_wconf 91' lang='lat' dir='ltr'>testi·</span> 
     </span>
     <span class='ocr_line' id='line_1_15' title="bbox 103 1671 1176 1760; baseline 0.002 -30"><span class='ocrx_word' id='word_1_124' title='bbox 103 1709 189 1760; x_wconf 50' lang='lat' dir='ltr'>capable</span> <span class='ocrx_word' id='word_1_125' title='bbox 234 1710 311 1752; x_wconf 78' lang='lat' dir='ltr'>indeed</span> <span class='ocrx_word' id='word_1_126' title='bbox 353 1671 409 1731; x_wconf 92' lang='lat' dir='ltr'>bus</span> <span class='ocrx_word' id='word_1_127' title='bbox 424 1690 485 1731; x_wconf 92' lang='lat' dir='ltr'>non</span> <span class='ocrx_word' id='word_1_128' title='bbox 499 1671 679 1732; x_wconf 89' lang='lat' dir='ltr'>necessariis.</span> <span class='ocrx_word' id='word_1_129' title='bbox 709 1673 809 1748; x_wconf 91' lang='lat' dir='ltr'>Atque</span> <span class='ocrx_word' id='word_1_130' title='bbox 822 1682 856 1731; x_wconf 93' lang='lat' dir='ltr'>ut</span> <span class='ocrx_word' id='word_1_131' title='bbox 870 1691 995 1750; x_wconf 88' lang='lat' dir='ltr'>magnas</span> <span class='ocrx_word' id='word_1_132' title='bbox 1008 1673 1142 1735; x_wconf 87' lang='lat' dir='ltr'>utilitates</span> <span class='ocrx_word' id='word_1_133' title='bbox 1154 1697 1176 1746; x_wconf 85' lang='lat'>15</span> 
     </span>
     <span class='ocr_line' id='line_1_16' title="bbox 102 1759 1143 1847; baseline 0.003 -21"><span class='ocrx_word' id='word_1_134' title='bbox 102 1760 182 1810; x_wconf 67' lang='lat' dir='ltr'><strong>¹h⁰⁰³h</strong></span> <span class='ocrx_word' id='word_1_135' title='bbox 205 1759 233 1800; x_wconf 73' lang='lat'>¹¹⁸</span> <span class='ocrx_word' id='word_1_136' title='bbox 254 1762 271 1801; x_wconf 58' lang='lat'>5⁵</span> <span class='ocrx_word' id='word_1_137' title='bbox 290 1761 315 1802; x_wconf 57' lang='grc' dir='ltr'>οἵ</span> <span class='ocrx_word' id='word_1_138' title='bbox 353 1766 544 1844; x_wconf 87' lang='lat' dir='ltr'>adipiscimur</span> <span class='ocrx_word' id='word_1_139' title='bbox 561 1767 779 1844; x_wconf 88' lang='lat' dir='ltr'>conspiratione</span> <span class='ocrx_word' id='word_1_140' title='bbox 797 1767 954 1827; x_wconf 91' lang='lat' dir='ltr'>hominurn</span> <span class='ocrx_word' id='word_1_141' title='bbox 972 1780 1064 1847; x_wconf 88' lang='lat' dir='ltr'>atque</span> <span class='ocrx_word' id='word_1_142' title='bbox 1081 1791 1143 1831; x_wconf 82' lang='lat' dir='ltr'>con</span> 
     </span>
    </p>
   </div>
   <div class='ocr_carea' id='block_1_6' title="bbox 103 1809 1141 1946">
    <p class='ocr_par' dir='ltr' id='par_1_7' title="bbox 103 1809 1141 1946">
     <span class='ocr_line' id='line_1_17' title="bbox 103 1809 312 1852; baseline 0.014 -4"><span class='ocrx_word' id='word_1_143' title='bbox 103 1809 151 1849; x_wconf 90' lang='lat' dir='ltr'>doin</span> <span class='ocrx_word' id='word_1_144' title='bbox 173 1810 209 1850; x_wconf 88' lang='lat' dir='ltr'>the</span> <span class='ocrx_word' id='word_1_145' title='bbox 243 1820 312 1852; x_wconf 82' lang='lat' dir='ltr'>eatest</span> 
     </span>
     <span class='ocr_line' id='line_1_18' title="bbox 103 1823 1141 1946; baseline 0.013 -31"><span class='ocrx_word' id='word_1_146' title='bbox 103 1823 247 1909; x_wconf 32' lang='lat' dir='ltr'>mirifici&amp;</span> <span class='ocrx_word' id='word_1_147' title='bbox 265 1861 312 1902; x_wconf 55' lang='grc' dir='ltr'>ΜΗ</span> <span class='ocrx_word' id='word_1_148' title='bbox 353 1884 451 1937; x_wconf 87' lang='lat' dir='ltr'>sensu,</span> <span class='ocrx_word' id='word_1_149' title='bbox 470 1865 512 1925; x_wconf 91' lang='lat' dir='ltr'>sic</span> <span class='ocrx_word' id='word_1_150' title='bbox 527 1866 608 1924; x_wconf 90' lang='lat' dir='ltr'>nulla</span> <span class='ocrx_word' id='word_1_151' title='bbox 621 1878 682 1926; x_wconf 89' lang='lat' dir='ltr'>tarn</span> <span class='ocrx_word' id='word_1_152' title='bbox 696 1864 877 1925; x_wconf 89' lang='lat' dir='ltr'>detestabilis</span> <span class='ocrx_word' id='word_1_153' title='bbox 890 1865 983 1942; x_wconf 89' lang='lat' dir='ltr'>pestis</span> <span class='ocrx_word' id='word_1_154' title='bbox 1002 1879 1057 1942; x_wconf 91' lang='lat' dir='ltr'>est,</span> <span class='ocrx_word' id='word_1_155' title='bbox 1072 1887 1141 1946; x_wconf 86' lang='lat' dir='ltr'>quae</span> 
     </span>
    </p>
   </div>
   <div class='ocr_carea' id='block_1_7' title="bbox 99 1909 1174 3106">
    <p class='ocr_par' dir='ltr' id='par_1_8' title="bbox 99 1909 1174 3106">
     <span class='ocr_line' id='line_1_19' title="bbox 102 1909 1142 2025; baseline 0.007 -7"><span class='ocrx_word' id='word_1_156' title='bbox 102 1909 189 2001; x_wconf 46' lang='lat' dir='ltr'>guli:</span> <span class='ocrx_word' id='word_1_157' title='bbox 219 1920 312 1962; x_wconf 51' lang='lat' dir='ltr'>grem</span> <span class='ocrx_word' id='word_1_158' title='bbox 353 1981 414 2022; x_wconf 91' lang='lat' dir='ltr'>non</span> <span class='ocrx_word' id='word_1_159' title='bbox 446 1961 561 2022; x_wconf 91' lang='lat' dir='ltr'>homini</span> <span class='ocrx_word' id='word_1_160' title='bbox 595 1962 632 2022; x_wconf 91' lang='lat' dir='ltr'>ab</span> <span class='ocrx_word' id='word_1_161' title='bbox 665 1961 786 2022; x_wconf 90' lang='lat' dir='ltr'>homine</span> <span class='ocrx_word' id='word_1_162' title='bbox 818 1972 963 2022; x_wconf 87' lang='lat' dir='ltr'>nascatur.</span> <span class='ocrx_word' id='word_1_163' title='bbox 1008 1967 1063 2025; x_wconf 93' lang='lat' dir='ltr'>Est</span> <span class='ocrx_word' id='word_1_164' title='bbox 1096 1965 1142 2025; x_wconf 92' lang='lat' dir='ltr'>Di·</span> 
     </span>
     <span class='ocr_line' id='line_1_20' title="bbox 102 2056 1141 2140; baseline 0.008 -24"><span class='ocrx_word' id='word_1_165' title='bbox 102 2056 237 2116; x_wconf 89' lang='lat' dir='ltr'>caearchi</span> <span class='ocrx_word' id='word_1_166' title='bbox 264 2057 339 2118; x_wconf 89' lang='lat' dir='ltr'>liber</span> <span class='ocrx_word' id='word_1_167' title='bbox 365 2059 404 2119; x_wconf 88' lang='lat' dir='ltr'>de</span> <span class='ocrx_word' id='word_1_168' title='bbox 432 2058 551 2119; x_wconf 91' lang='lat' dir='ltr'>interitu</span> <span class='ocrx_word' id='word_1_169' title='bbox 578 2058 744 2132; x_wconf 88' lang='lat' dir='ltr'>hominum,</span> <span class='ocrx_word' id='word_1_170' title='bbox 775 2057 963 2135; x_wconf 89' lang='lat' dir='ltr'>Peripatetici</span> <span class='ocrx_word' id='word_1_171' title='bbox 990 2062 1091 2140; x_wconf 87' lang='lat' dir='ltr'>magni</span> <span class='ocrx_word' id='word_1_172' title='bbox 1115 2075 1141 2124; x_wconf 92' lang='lat' dir='ltr'>et</span> 
     </span>
     <span class='ocr_line' id='line_1_21' title="bbox 102 2152 1174 2231; baseline 0.007 -20"><span class='ocrx_word' id='word_1_173' title='bbox 102 2152 224 2229; x_wconf 84' lang='lat' dir='ltr'>copiosi,</span> <span class='ocrx_word' id='word_1_174' title='bbox 246 2153 299 2231; x_wconf 90' lang='lat' dir='ltr'>qui</span> <span class='ocrx_word' id='word_1_175' title='bbox 317 2154 447 2214; x_wconf 88' lang='lat' dir='ltr'>collectis</span> <span class='ocrx_word' id='word_1_176' title='bbox 469 2154 573 2215; x_wconf 90' lang='lat' dir='ltr'>ceteris</span> <span class='ocrx_word' id='word_1_177' title='bbox 593 2154 689 2214; x_wconf 90' lang='lat' dir='ltr'>causis</span> <span class='ocrx_word' id='word_1_178' title='bbox 710 2153 855 2215; x_wconf 87' lang='lat' dir='ltr'>eluvionis</span> <span class='ocrx_word' id='word_1_179' title='bbox 875 2154 1065 2231; x_wconf 89' lang='lat' dir='ltr'>pestilentiae</span> <span class='ocrx_word' id='word_1_180' title='bbox 1085 2176 1174 2218; x_wconf 67' lang='lat' dir='ltr'>vasso</span> 
     </span>
     <span class='ocr_line' id='line_1_22' title="bbox 101 2248 1140 2331; baseline 0.007 -23"><span class='ocrx_word' id='word_1_181' title='bbox 101 2248 200 2322; x_wconf 91' lang='lat' dir='ltr'>titatis,</span> <span class='ocrx_word' id='word_1_182' title='bbox 216 2249 369 2310; x_wconf 89' lang='lat' dir='ltr'>beluarum</span> <span class='ocrx_word' id='word_1_183' title='bbox 384 2249 473 2311; x_wconf 89' lang='lat' dir='ltr'>etiam</span> <span class='ocrx_word' id='word_1_184' title='bbox 486 2250 657 2328; x_wconf 86' lang='lat' dir='ltr'>repentinae</span> <span class='ocrx_word' id='word_1_185' title='bbox 671 2249 877 2324; x_wconf 88' lang='lat' dir='ltr'>multitudinis,</span> <span class='ocrx_word' id='word_1_186' title='bbox 892 2269 1020 2326; x_wconf 88' lang='lat' dir='ltr'>quarum</span> <span class='ocrx_word' id='word_1_187' title='bbox 1034 2252 1140 2331; x_wconf 91' lang='lat' dir='ltr'>impetu</span> 
     </span>
     <span class='ocr_line' id='line_1_23' title="bbox 102 2347 1140 2425; baseline 0.005 -20"><span class='ocrx_word' id='word_1_188' title='bbox 102 2348 190 2406; x_wconf 89' lang='lat' dir='ltr'>docet</span> <span class='ocrx_word' id='word_1_189' title='bbox 203 2347 351 2424; x_wconf 89' lang='lat' dir='ltr'>quaedam</span> <span class='ocrx_word' id='word_1_190' title='bbox 365 2347 520 2408; x_wconf 90' lang='lat' dir='ltr'>hominum</span> <span class='ocrx_word' id='word_1_191' title='bbox 533 2366 641 2425; x_wconf 91' lang='lat' dir='ltr'>genera</span> <span class='ocrx_word' id='word_1_192' title='bbox 655 2366 719 2407; x_wconf 91' lang='lat' dir='ltr'>esse</span> <span class='ocrx_word' id='word_1_193' title='bbox 734 2357 919 2424; x_wconf 88' lang='lat' dir='ltr'>consumpta,</span> <span class='ocrx_word' id='word_1_194' title='bbox 939 2347 1051 2410; x_wconf 88' lang='lat' dir='ltr'>deinde</span> <span class='ocrx_word' id='word_1_195' title='bbox 1068 2371 1140 2412; x_wconf 92' lang='lat' dir='ltr'>com·</span> 
     </span>
     <span class='ocr_line' id='line_1_24' title="bbox 101 2441 1140 2520; baseline 0.006 -17"><span class='ocrx_word' id='word_1_196' title='bbox 101 2454 183 2519; x_wconf 88' lang='lat' dir='ltr'>parat</span> <span class='ocrx_word' id='word_1_197' title='bbox 193 2453 305 2519; x_wconf 86' lang='lat' dir='ltr'>quanto</span> <span class='ocrx_word' id='word_1_198' title='bbox 319 2444 416 2519; x_wconf 92' lang='lat' dir='ltr'>plures</span> <span class='ocrx_word' id='word_1_199' title='bbox 427 2443 517 2503; x_wconf 88' lang='lat' dir='ltr'>deleti</span> <span class='ocrx_word' id='word_1_200' title='bbox 531 2442 590 2503; x_wconf 91' lang='lat' dir='ltr'>sint</span> <span class='ocrx_word' id='word_1_201' title='bbox 600 2443 737 2503; x_wconf 89' lang='lat' dir='ltr'>homines</span> <span class='ocrx_word' id='word_1_202' title='bbox 746 2441 902 2502; x_wconf 90' lang='lat' dir='ltr'>hominurn</span> <span class='ocrx_word' id='word_1_203' title='bbox 915 2442 1040 2520; x_wconf 91' lang='lat' dir='ltr'>impetn,</span> <span class='ocrx_word' id='word_1_204' title='bbox 1056 2445 1140 2508; x_wconf 91' lang='lat' dir='ltr'>idest</span> 
     </span>
     <span class='ocr_line' id='line_1_25' title="bbox 100 2537 1139 2616; baseline 0.001 -18"><span class='ocrx_word' id='word_1_205' title='bbox 100 2539 185 2602; x_wconf 92' lang='lat' dir='ltr'>bellis</span> <span class='ocrx_word' id='word_1_206' title='bbox 198 2550 249 2600; x_wconf 89' lang='lat' dir='ltr'>aut</span> <span class='ocrx_word' id='word_1_207' title='bbox 264 2538 465 2613; x_wconf 89' lang='lat' dir='ltr'>seditionibus,</span> <span class='ocrx_word' id='word_1_208' title='bbox 478 2559 568 2616; x_wconf 91' lang='lat' dir='ltr'>quam</span> <span class='ocrx_word' id='word_1_209' title='bbox 579 2538 660 2599; x_wconf 93' lang='lat' dir='ltr'>omni</span> <span class='ocrx_word' id='word_1_210' title='bbox 674 2538 787 2615; x_wconf 89' lang='lat' dir='ltr'>reliqua</span> <span class='ocrx_word' id='word_1_211' title='bbox 800 2537 975 2602; x_wconf 86' lang='lat' dir='ltr'>calamitate.</span> <span class='ocrx_word' id='word_1_212' title='bbox 1002 2558 1047 2616; x_wconf 86' lang='lat'>17.</span> <span class='ocrx_word' id='word_1_213' title='bbox 1067 2544 1139 2604; x_wconf 85' lang='lat' dir='ltr'>Cum</span> 
     </span>
     <span class='ocr_line' id='line_1_26' title="bbox 101 2635 1172 2716; baseline 0.006 -22"><span class='ocrx_word' id='word_1_214' title='bbox 101 2636 187 2714; x_wconf 91' lang='lat' dir='ltr'>igitur</span> <span class='ocrx_word' id='word_1_215' title='bbox 205 2635 253 2694; x_wconf 91' lang='lat' dir='ltr'>hic</span> <span class='ocrx_word' id='word_1_216' title='bbox 269 2637 352 2695; x_wconf 92' lang='lat' dir='ltr'>locus</span> <span class='ocrx_word' id='word_1_217' title='bbox 366 2635 439 2695; x_wconf 91' lang='lat' dir='ltr'>nihil</span> <span class='ocrx_word' id='word_1_218' title='bbox 456 2637 565 2696; x_wconf 87' lang='lat' dir='ltr'>habeat</span> <span class='ocrx_word' id='word_1_219' title='bbox 586 2635 787 2709; x_wconf 91' lang='lat' dir='ltr'>dubitationis,</span> <span class='ocrx_word' id='word_1_220' title='bbox 810 2635 882 2712; x_wconf 90' lang='lat' dir='ltr'>quin</span> <span class='ocrx_word' id='word_1_221' title='bbox 900 2637 1038 2698; x_wconf 90' lang='lat' dir='ltr'>homines</span> <span class='ocrx_word' id='word_1_222' title='bbox 1059 2638 1172 2716; x_wconf 76' lang='lat' dir='ltr'>pluri-a</span> 
     </span>
     <span class='ocr_line' id='line_1_27' title="bbox 350 2732 1138 2813; baseline 0.006 -21"><span class='ocrx_word' id='word_1_223' title='bbox 350 2752 432 2792; x_wconf 91' lang='lat' dir='ltr'>mum</span> <span class='ocrx_word' id='word_1_224' title='bbox 446 2732 616 2793; x_wconf 91' lang='lat' dir='ltr'>hominibus</span> <span class='ocrx_word' id='word_1_225' title='bbox 634 2743 665 2793; x_wconf 92' lang='lat' dir='ltr'>et</span> <span class='ocrx_word' id='word_1_226' title='bbox 684 2732 798 2809; x_wconf 92' lang='lat' dir='ltr'>prosint</span> <span class='ocrx_word' id='word_1_227' title='bbox 816 2743 845 2792; x_wconf 90' lang='lat' dir='ltr'>et</span> <span class='ocrx_word' id='word_1_228' title='bbox 864 2732 973 2808; x_wconf 90' lang='lat' dir='ltr'>obsint,</span> <span class='ocrx_word' id='word_1_229' title='bbox 992 2736 1138 2813; x_wconf 88' lang='lat' dir='ltr'>proprium</span> 
     </span>
     <span class='ocr_line' id='line_1_28' title="bbox 99 2813 1139 2914; baseline 0.007 -28"><span class='ocrx_word' id='word_1_230' title='bbox 99 2813 311 2914; x_wconf 51' lang='lat' dir='ltr'>pnffllffiffiffigsselg</span> <span class='ocrx_word' id='word_1_231' title='bbox 348 2830 406 2890; x_wconf 91' lang='lat' dir='ltr'>hoc</span> <span class='ocrx_word' id='word_1_232' title='bbox 415 2839 511 2889; x_wconf 89' lang='lat' dir='ltr'>statuo</span> <span class='ocrx_word' id='word_1_233' title='bbox 525 2827 740 2889; x_wconf 88' lang='lat' dir='ltr'>essevirtutis</span> <span class='ocrx_word' id='word_1_234' title='bbox 754 2828 911 2889; x_wconf 90' lang='lat' dir='ltr'>conciliare</span> <span class='ocrx_word' id='word_1_235' title='bbox 920 2829 1037 2892; x_wconf 91' lang='lat' dir='ltr'>animos</span> <span class='ocrx_word' id='word_1_236' title='bbox 1052 2832 1139 2895; x_wconf 87' lang='lat' dir='ltr'>homi·</span> 
     </span>
     <span class='ocr_line' id='line_1_29' title="bbox 99 2915 1138 3006; baseline 0.007 -21"><span class='ocrx_word' id='word_1_237' title='bbox 99 2915 313 3005; x_wconf 50' lang='lat' dir='ltr'>Alffmffl‘g‘ssggf</span> <span class='ocrx_word' id='word_1_238' title='bbox 347 2946 420 2986; x_wconf 91' lang='lat' dir='ltr'>num</span> <span class='ocrx_word' id='word_1_239' title='bbox 434 2937 464 2986; x_wconf 93' lang='lat' dir='ltr'>et</span> <span class='ocrx_word' id='word_1_240' title='bbox 477 2926 516 2986; x_wconf 86' lang='lat' dir='ltr'>ad</span> <span class='ocrx_word' id='word_1_241' title='bbox 529 2945 600 2986; x_wconf 90' lang='lat' dir='ltr'>usus</span> <span class='ocrx_word' id='word_1_242' title='bbox 613 2944 683 2985; x_wconf 93' lang='lat' dir='ltr'>suos</span> <span class='ocrx_word' id='word_1_243' title='bbox 697 2924 864 3003; x_wconf 88' lang='lat' dir='ltr'>adiungere.</span> <span class='ocrx_word' id='word_1_244' title='bbox 899 2928 1138 3006; x_wconf 71' lang='lat' dir='ltr'>Itaquequaein</span> 
     </span>
     <span class='ocr_line' id='line_1_30' title="bbox 100 3013 1139 3106; baseline 0.008 -24"><span class='ocrx_word' id='word_1_245' title='bbox 100 3013 137 3053; x_wconf 67' lang='lat'>“¹⁶</span> <span class='ocrx_word' id='word_1_246' title='bbox 153 3013 251 3103; x_wconf 59' lang='lat' dir='ltr'>{ffldwffl</span> <span class='ocrx_word' id='word_1_247' title='bbox 267 3016 309 3056; x_wconf 66' lang='lat'>⁸¹¹⁶</span> <span class='ocrx_word' id='word_1_248' title='bbox 347 3025 435 3084; x_wconf 85' lang='lat' dir='ltr'>rebus</span> <span class='ocrx_word' id='word_1_249' title='bbox 454 3022 591 3083; x_wconf 89' lang='lat' dir='ltr'>inanimis</span> <span class='ocrx_word' id='word_1_250' title='bbox 610 3043 746 3101; x_wconf 90' lang='lat' dir='ltr'>quaeque</span> <span class='ocrx_word' id='word_1_251' title='bbox 765 3023 797 3082; x_wconf 92' lang='lat' dir='ltr'>in</span> <span class='ocrx_word' id='word_1_252' title='bbox 817 3022 884 3104; x_wconf 92' lang='lat' dir='ltr'>[usu</span> <span class='ocrx_word' id='word_1_253' title='bbox 906 3023 949 3106; x_wconf 91' lang='lat' dir='ltr'>et]</span> <span class='ocrx_word' id='word_1_254' title='bbox 968 3028 1139 3090; x_wconf 86' lang='lat' dir='ltr'>tractatione</span> 
     </span>
    </p>
   </div>
   <div class='ocr_carea' id='block_1_8' title="bbox 100 3063 311 3113">
    <p class='ocr_par' dir='ltr' id='par_1_9' title="bbox 100 3063 311 3113">
     <span class='ocr_line' id='line_1_31' title="bbox 100 3063 311 3113; baseline 0.014 -11"><span class='ocrx_word' id='word_1_255' title='bbox 100 3063 152 3102; x_wconf 73' lang='lat' dir='ltr'>{rien</span> <span class='ocrx_word' id='word_1_256' title='bbox 168 3063 214 3113; x_wconf 83' lang='lat' dir='ltr'>ship</span> <span class='ocrx_word' id='word_1_257' title='bbox 226 3063 250 3104; x_wconf 82' lang='lat' dir='ltr'>of</span> <span class='ocrx_word' id='word_1_258' title='bbox 262 3078 311 3105; x_wconf 86' lang='lat' dir='ltr'>men</span> 
     </span>
    </p>
   </div>
   <div class='ocr_carea' id='block_1_9' title="bbox 98 3113 1172 3252">
    <p class='ocr_par' dir='ltr' id='par_1_10' title="bbox 98 3113 1172 3252">
     <span class='ocr_line' id='line_1_32' title="bbox 98 3113 1172 3252; baseline 0.021 -79"><span class='ocrx_word' id='word_1_259' title='bbox 98 3113 219 3252; x_wconf 51' lang='grc' dir='ltr'>ὲξοῇξῑξξῇ</span> <span class='ocrx_word' id='word_1_260' title='bbox 231 3113 310 3204; x_wconf 54' lang='grc' dir='ltr'>ξξῐζζξ</span> <span class='ocrx_word' id='word_1_261' title='bbox 346 3123 499 3182; x_wconf 86' lang='lat' dir='ltr'>beluarum</span> <span class='ocrx_word' id='word_1_262' title='bbox 515 3123 591 3181; x_wconf 91' lang='lat' dir='ltr'>fiunt</span> <span class='ocrx_word' id='word_1_263' title='bbox 604 3121 713 3181; x_wconf 91' lang='lat' dir='ltr'>utiliter</span> <span class='ocrx_word' id='word_1_264' title='bbox 728 3122 767 3181; x_wconf 91' lang='lat' dir='ltr'>ad</span> <span class='ocrx_word' id='word_1_265' title='bbox 783 3121 939 3181; x_wconf 88' lang='lat' dir='ltr'>hominum</span> <span class='ocrx_word' id='word_1_266' title='bbox 956 3123 1057 3200; x_wconf 89' lang='lat' dir='ltr'>vitam,</span> <span class='ocrx_word' id='word_1_267' title='bbox 1080 3126 1172 3196; x_wconf 75' lang='lat' dir='ltr'>arti-so</span> 
     </span>
    </p>
   </div>
   <div class='ocr_carea' id='block_1_10' title="bbox 97 3212 1139 3303">
    <p class='ocr_par' dir='ltr' id='par_1_11' title="bbox 97 3212 1139 3303">
     <span class='ocr_line' id='line_1_33' title="bbox 97 3212 1139 3303; baseline -0.01 -18"><span class='ocrx_word' id='word_1_268' title='bbox 97 3212 310 3303; x_wconf 50' lang='lat' dir='ltr'>agffisseeffieffidffl</span> <span class='ocrx_word' id='word_1_269' title='bbox 346 3220 404 3279; x_wconf 92' lang='lat' dir='ltr'>bus</span> <span class='ocrx_word' id='word_1_270' title='bbox 431 3239 466 3279; x_wconf 90' lang='lat' dir='ltr'>ea</span> <span class='ocrx_word' id='word_1_271' title='bbox 492 3218 660 3280; x_wconf 90' lang='lat' dir='ltr'>tribuuntur</span> <span class='ocrx_word' id='word_1_272' title='bbox 686 3218 825 3296; x_wconf 81' lang='lat' dir='ltr'>operosiS,</span> <span class='ocrx_word' id='word_1_273' title='bbox 856 3217 1014 3279; x_wconf 91' lang='lat' dir='ltr'>hominum</span> <span class='ocrx_word' id='word_1_274' title='bbox 1043 3233 1139 3282; x_wconf 86' lang='lat' dir='ltr'>autem</span> 
     </span>
    </p>
   </div>
   <div class='ocr_carea' id='block_1_11' title="bbox 96 3314 1138 3494">
    <p class='ocr_par' dir='ltr' id='par_1_12' title="bbox 96 3314 1138 3494">
     <span class='ocr_line' id='line_1_34' title="bbox 345 3314 1138 3392; baseline 0.001 -16"><span class='ocrx_word' id='word_1_275' title='bbox 345 3314 443 3377; x_wconf 87' lang='lat' dir='ltr'>studia</span> <span class='ocrx_word' id='word_1_276' title='bbox 474 3316 513 3376; x_wconf 87' lang='lat' dir='ltr'>ad</span> <span class='ocrx_word' id='word_1_277' title='bbox 548 3315 809 3392; x_wconf 90' lang='lat' dir='ltr'>amplificationem</span> <span class='ocrx_word' id='word_1_278' title='bbox 843 3325 1010 3375; x_wconf 85' lang='lat' dir='ltr'>nostrarum</span> <span class='ocrx_word' id='word_1_279' title='bbox 1044 3335 1138 3377; x_wconf 87' lang='lat' dir='ltr'>rerum</span> 
     </span>
     <span class='ocr_line' id='line_1_35' title="bbox 96 3409 1138 3494; baseline -0.001 -19"><span class='ocrx_word' id='word_1_280' title='bbox 96 3425 232 3494; x_wconf 90' lang='lat' dir='ltr'>prompta</span> <span class='ocrx_word' id='word_1_281' title='bbox 250 3433 286 3475; x_wconf 86' lang='lat' dir='ltr'>ac</span> <span class='ocrx_word' id='word_1_282' title='bbox 304 3422 406 3492; x_wconf 87' lang='lat' dir='ltr'>parata</span> <span class='ocrx_word' id='word_1_283' title='bbox 427 3412 555 3472; x_wconf 88' lang='lat' dir='ltr'>virorum</span> <span class='ocrx_word' id='word_1_284' title='bbox 580 3410 791 3491; x_wconf 88' lang='lat' dir='ltr'>praestantium</span> <span class='ocrx_word' id='word_1_285' title='bbox 812 3409 958 3488; x_wconf 87' lang='lat' dir='ltr'>sapientia</span> <span class='ocrx_word' id='word_1_286' title='bbox 983 3422 1015 3472; x_wconf 91' lang='lat' dir='ltr'>et</span> <span class='ocrx_word' id='word_1_287' title='bbox 1036 3411 1138 3474; x_wconf 86' lang='lat' dir='ltr'>virtute</span> 
     </span>
    </p>
   </div>
   <div class='ocr_carea' id='block_1_12' title="bbox 93 3574 1144 3892">
    <p class='ocr_par' dir='ltr' id='par_1_13' title="bbox 93 3574 1144 3892">
     <span class='ocr_line' id='line_1_36' title="bbox 148 3574 1144 3634; baseline -0.003 -5"><span class='ocrx_word' id='word_1_288' title='bbox 148 3580 164 3629; x_wconf 92' lang='lat'><strong>6</strong></span> <span class='ocrx_word' id='word_1_289' title='bbox 180 3579 363 3630; x_wconf 87' lang='lat' dir='ltr'>mutandis-et</span> <span class='ocrx_word' id='word_1_290' title='bbox 371 3575 510 3629; x_wconf 88' lang='lat' dir='ltr'>commodis</span> <span class='ocrx_word' id='word_1_291' title='bbox 517 3577 623 3626; x_wconf 77' lang='lat' dir='ltr'>Bucam</span> <span class='ocrx_word' id='word_1_292' title='bbox 631 3574 915 3634; x_wconf 46' lang='lat' dir='ltr'>coddnmntnandisfac.</span> <span class='ocrx_word' id='word_1_293' title='bbox 924 3584 949 3625; x_wconf 87' lang='lat' dir='ltr'>et</span> <span class='ocrx_word' id='word_1_294' title='bbox 960 3575 1144 3626; x_wconf 76' lang='lat' dir='ltr'>commodandis</span> 
     </span>
     <span class='ocr_line' id='line_1_37' title="bbox 94 3656 1143 3728; baseline -0.005 -17"><span class='ocrx_word' id='word_1_295' title='bbox 94 3663 209 3728; x_wconf 74' lang='lat' dir='ltr'>plm&#39;que</span> <span class='ocrx_word' id='word_1_296' title='bbox 219 3661 271 3712; x_wconf 79' lang='lat' dir='ltr'>edd.</span> <span class='ocrx_word' id='word_1_297' title='bbox 278 3665 335 3724; x_wconf 81' lang='lat' dir='ltr'>post</span> <span class='ocrx_word' id='word_1_298' title='bbox 345 3659 459 3709; x_wconf 80' lang='lat' dir='ltr'>Nonium</span> <span class='ocrx_word' id='word_1_299' title='bbox 489 3661 499 3714; x_wconf 83' lang='grc'>11</span> <span class='ocrx_word' id='word_1_300' title='bbox 533 3671 562 3707; x_wconf 89' lang='lat' dir='ltr'>ro</span> <span class='ocrx_word' id='word_1_301' title='bbox 577 3656 645 3706; x_wconf 87' lang='lat' dir='ltr'>bello</span> <span class='ocrx_word' id='word_1_302' title='bbox 655 3656 738 3705; x_wconf 80' lang='lat' dir='ltr'>Heine</span> <span class='ocrx_word' id='word_1_303' title='bbox 752 3662 838 3704; x_wconf 82' lang='lat' dir='ltr'>contra</span> <span class='ocrx_word' id='word_1_304' title='bbox 842 3657 970 3720; x_wconf 80' lang='lat' dir='ltr'>plerosque</span> <span class='ocrx_word' id='word_1_305' title='bbox 980 3657 1047 3705; x_wconf 85' lang='lat' dir='ltr'>codd.</span> <span class='ocrx_word' id='word_1_306' title='bbox 1076 3661 1087 3715; x_wconf 77' lang='lat' dir='ltr'>l</span> <span class='ocrx_word' id='word_1_307' title='bbox 1115 3667 1143 3718; x_wconf 72' lang='lat'>²9</span> 
     </span>
     <span class='ocr_line' id='line_1_38' title="bbox 99 3736 1142 3804; baseline -0.004 -13"><span class='ocrx_word' id='word_1_308' title='bbox 99 3743 172 3794; x_wconf 71' lang='lat' dir='ltr'>acrba</span> <span class='ocrx_word' id='word_1_309' title='bbox 182 3758 228 3792; x_wconf 91' lang='lat' dir='ltr'>usu</span> <span class='ocrx_word' id='word_1_310' title='bbox 238 3749 263 3791; x_wconf 91' lang='lat' dir='ltr'>et</span> <span class='ocrx_word' id='word_1_311' title='bbox 274 3739 463 3789; x_wconf 71' lang='lat' dir='ltr'>abncntacodd</span> <span class='ocrx_word' id='word_1_312' title='bbox 477 3738 566 3804; x_wconf 69' lang='lat' dir='ltr'>antiq,</span> <span class='ocrx_word' id='word_1_313' title='bbox 579 3737 731 3786; x_wconf 72' lang='lat' dir='ltr'>salaricum</span> <span class='ocrx_word' id='word_1_314' title='bbox 740 3737 782 3786; x_wconf 82' lang='lat' dir='ltr'>Ba</span> <span class='ocrx_word' id='word_1_315' title='bbox 792 3736 875 3785; x_wconf 82' lang='lat' dir='ltr'>Heine</span> <span class='ocrx_word' id='word_1_316' title='bbox 884 3737 927 3785; x_wconf 80' lang='lat' dir='ltr'>Lu</span> <span class='ocrx_word' id='word_1_317' title='bbox 961 3741 972 3794; x_wconf 83' lang='grc' dir='ltr'>ΙΙ</span> <span class='ocrx_word' id='word_1_318' title='bbox 1002 3752 1034 3801; x_wconf 79' lang='lat'>33</span> <span class='ocrx_word' id='word_1_319' title='bbox 1050 3749 1142 3787; x_wconf 83' lang='lat' dir='ltr'>morum</span> 
     </span>
     <span class='ocr_line' id='line_1_39' title="bbox 93 3817 1083 3892; baseline -0.009 -17"><span class='ocrx_word' id='word_1_320' title='bbox 93 3824 249 3892; x_wconf 83' lang='lat' dir='ltr'>praestantia</span> <span class='ocrx_word' id='word_1_321' title='bbox 257 3831 281 3874; x_wconf 89' lang='lat' dir='ltr'>et</span> <span class='ocrx_word' id='word_1_322' title='bbox 289 3820 536 3885; x_wconf 64' lang='lat' dir='ltr'>virtuteMadnrgLu</span> <span class='ocrx_word' id='word_1_323' title='bbox 539 3817 1083 3884; x_wconf 54' lang='lat' dir='ltr'>probanteHeinravtiIeconrmntamtegct.</span> 
     </span>
    </p>
   </div>
   <div class='ocr_carea' id='block_1_13' title="bbox 0 0 1260 4192">
    <p class='ocr_par' dir='ltr' id='par_1_14' title="bbox 0 0 1260 4192">
     <span class='ocr_line' id='line_1_40' title="bbox 0 0 1260 4192; baseline 0 4"><span class='ocrx_word' id='word_1_324' title='bbox 0 0 1260 4192; x_wconf 95' lang='lat' dir='ltr'> </span> 
     </span>
    </p>
   </div>
  </div>
 </body>
</html>
