2512 4192
67 175 103 228 14
297 157 346 214 De
362 155 478 214 secundo
497 154 581 230 officii
584 154 667 231 fonte
684 155 744 214 siue
762 155 883 213 Iustitia
994 150 1023 235 [I
1038 172 1061 214 x
1075 173 1091 230 3
1096 175 1111 230 3

61 315 226 417 ggfflgggfrw
239 315 275 356 ‘¹¹0
313 318 447 377 Theseus
467 316 634 394 Hippolyto
649 316 711 377 filio
729 335 791 376 non
804 327 883 377 esset
896 317 1025 378 orbatus.
1069 319 1114 377 Ex

312 414 404 475 tribus
427 413 507 474 enim
535 411 652 489 optatis,
673 423 707 472 ut
734 410 877 485 scribitur,
898 412 958 471 hoc
978 422 1041 472 erat
1060 422 1113 473 ter-

62 511 146 585 tium,
161 511 244 587 quod
258 511 296 570 de
312 507 470 584 Hippolyti
485 506 605 566 interitu
619 506 708 565 iratus
723 505 856 582 optavit:
877 524 938 583 quo
956 504 1112 583 impetrato

63 606 93 664 in
107 606 252 665 maximos
265 606 360 663 luctus
378 602 489 662 incidit.
533 605 599 662 Nec
617 601 763 678 promissa
780 601 866 680 igitur
884 604 1029 662 servanda
1045 613 1113 662 sunt

62 722 195 779 eaquae
216 702 273 762 sint
294 701 328 760 iis
350 700 456 776 quibus
483 699 650 776 promiseris
678 698 800 772 inutilia,
829 718 894 772 nec,
917 698 943 758 si
969 701 1037 776 plus
1059 699 1112 759 tibi
1136 725 1148 773 5

62 817 98 858 ea
112 809 240 891 noceant
253 817 343 874 quam
356 797 398 855 illi
412 796 524 873 prosint
538 795 587 855 cui
602 794 779 872 promiseris,
794 806 898 855 contra
914 795 1048 855 officium
1068 807 1111 856 est

61 894 156 954 maius
170 893 311 971 anteponi
325 893 439 966 minori,
454 903 495 966 ut,
511 892 536 952 si
549 891 735 952 constitueris
748 891 877 968 cuipiam
890 903 920 953 tc
934 894 1111 953 advocatum

61 990 92 1049 in
106 1012 169 1051 rem
182 1002 367 1068 praesentem
380 1009 444 1049 esse
460 1001 613 1048 venturum
627 1000 716 1065 atque
736 988 853 1049 interim
871 989 996 1067 graviter
1013 1009 1112 1068 aegro

61 1097 128 1148 tare
144 1088 220 1146 filius
244 1086 382 1163 coeperit,
406 1106 467 1145 non
492 1085 528 1145 sit
552 1095 656 1144 contra
675 1085 805 1145 officium
825 1105 887 1146 non
911 1088 1007 1146 facere
1028 1087 1111 1163 quod

60 1184 176 1256 dixeris,
199 1183 350 1260 magisque
370 1183 428 1255 ille,
449 1181 498 1241 cui
522 1181 700 1258 promissum
720 1181 766 1255 sit,
788 1182 825 1242 ab
847 1182 944 1242 officio
966 1181 1149 1257 discedatur

308 1279 332 1340 si
353 1298 385 1339 se
406 1278 579 1339 destitutum
600 1289 744 1356 queratur.
788 1281 854 1339 Iam
874 1279 932 1340 illis
957 1279 1109 1356 promissis

59 1363 275 1454 2’,‘„¹,fm¹}¹,²a‘,³,{,¹}¹¹‘³{}
309 1378 449 1437 standum
468 1396 528 1436 non
546 1396 610 1436 esse
627 1376 693 1452 quis
710 1396 771 1436 non
787 1376 877 1450 videt,
893 1397 969 1453 quae
987 1389 1109 1439 coactus

57 1465 271 1556 {ffffida‘³⁰¹¹⁰¹d⁶·
310 1473 375 1550 quis
389 1484 480 1546 metu,
496 1493 572 1549 quae
587 1474 728 1549 deceptus
743 1474 813 1534 dolo
827 1474 1010 1550 promiserit?
1031 1494 1108 1552 quae

305 1573 427 1650 quidem
447 1573 587 1649 pleraque
607 1571 670 1632 iure
690 1572 836 1649 praetorio
856 1572 1024 1649 liberantur,
1047 1594 1108 1636 non

58 1673 138 1731 nulla
150 1672 272 1748 legibus,
1120 1693 1146 1740 15

82 1813 271 1874 ,niusticeisostgn
370 1785 416 1842 33.
450 1765 602 1875 Exsistunt
616 1765 706 1874 etiam
720 1785 808 1842 saepe
822 1765 944 1876 iniuriae
959 1768 1108 1876 calumnia

57 1865 274 1916 ⁶⁰¹¹0byat⁰⁰⁵t¹¹⁰t
312 1867 441 1942 quadam
460 1876 489 1924 et
510 1883 597 1923 nrmrs
618 1864 733 1937 callida,
749 1865 963 1924 sedmahtrosa
981 1865 1107 1926 111111111-

56 1916 174 1956 adherente
195 1926 216 1956 to
242 1916 277 1955 the

56 1967 120 2056 {⁸53³
134 1967 158 2056 gl
172 1966 270 2056 ‘labli
312 1958 528 2036 terpretatione.
572 1961 617 2018 Ex
631 1978 691 2035 quo
700 1959 775 2018 illud
790 1963 956 2019 ‘summum
970 1960 1016 2021 ius
1030 1982 1107 2023 surn-

55 2067 110 2108 tions
122 2066 216 2106 between
232 2080 271 2107 one
309 2065 361 2116 ma
372 2055 483 2115 iniuria'
498 2058 609 2115 sactum
625 2067 670 2115 est
688 2055 748 2114 iarn
768 2055 869 2116 tritum
885 2077 1022 2118 sermone
1041 2079 1107 2136 pro-

55 2127 109 2158 mte
123 2117 268 2158 ΜΘΝ
308 2153 449 2212 verbium.
493 2154 562 2228 Quo
584 2153 615 2231 in
639 2173 745 2230 genere
769 2153 859 2214 etiarn
882 2153 914 2213 in
933 2175 965 2216 re
985 2158 1145 2235 publica20

54 2251 148 2308 multa
168 2260 336 2325 peccantur,
351 2261 384 2309 ut
405 2250 462 2323 ille,
478 2250 537 2329 qui,
553 2270 623 2309 cum
643 2249 760 2327 triginta
781 2251 895 2310 dierum
916 2264 1015 2314 essent
1036 2274 1105 2314 cum

53 2346 139 2406 hoste
161 2346 291 2406 indutiae
311 2349 414 2419 factae,
437 2357 527 2405 noctu
548 2347 744 2422 populabatur
763 2367 856 2424 agros,
879 2350 962 2425 quod
989 2350 1105 2412 dierum

54 2453 152 2502 essent
169 2453 282 2519 pactae,
298 2462 359 2502 non
378 2442 512 2502 noctium
531 2441 670 2502 indutiae.
714 2445 762 2503 Ne
776 2456 876 2503 noster
896 2445 1020 2523 quidem
1039 2467 1105 2527 pro·

53 2538 179 2612 bandus,
201 2538 225 2598 si
245 2559 348 2598 verum
369 2549 413 2598 est
435 2539 471 2613 Q.
495 2537 621 2598 Fabium
640 2540 812 2599 Labeonem
831 2561 882 2600 seu
901 2558 993 2619 quem
1011 2544 1103 2605 alium

53 2635 166 2694 -nihil
194 2635 275 2694 enim
302 2636 399 2695 habeo
427 2647 541 2711 praeter
568 2635 884 2697 auditum—arbitrum
918 2642 1045 2702 Nolanis
1072 2657 1103 2706 et
1116 2679 1142 2726 ²5

54 2731 257 2808 Neapolitanis
272 2732 310 2791 de
324 2731 431 2791 finibus
446 2751 464 2790 a
477 2743 580 2791 senatu
595 2733 706 2806 datum,
718 2752 786 2792 cum
797 2735 837 2794 ad
850 2736 950 2795 locum
963 2739 1100 2814 venisset,

52 2848 121 2894 eum
142 2828 273 2904 utrisque
294 2827 450 2906 separatim
469 2830 611 2902 locutum,
633 2849 671 2888 ne
692 2829 800 2906 cupide
820 2831 893 2906 quid
913 2847 1041 2914 agerent,
1063 2857 1103 2898 ne

53 2936 233 3000 appetenter,
249 2935 337 3000 atque
351 2935 383 2984 ut
397 2925 511 3002 regredi
530 2945 621 3001 quam
641 2926 777 3003 progredi
798 2929 929 2989 mallent.
971 2933 1010 2992 Id
1031 2953 1101 2993 cum

52 3017 167 3094 utrique
181 3020 327 3094 fecissent,
342 3020 526 3096 aliquantum
539 3021 600 3098 agri
613 3020 644 3080 in
658 3022 759 3082 medio
769 3023 903 3083 relictum
917 3037 970 3086 est.
994 3030 1101 3106 Itaque

51 3114 168 3175 illorum
182 3116 247 3175 finis
262 3115 311 3190 sic,
327 3128 359 3176 ut
373 3116 429 3194 ipsi
443 3116 584 3191 dixerant,
600 3117 786 3179 terminavit:
806 3118 838 3179 in
851 3121 951 3182 medio
965 3124 1101 3186 relictum
1113 3162 1142 3210 30

53 3212 209 3287 quoderat
223 3215 335 3288 populo
350 3216 489 3273 Romano
509 3213 696 3274 adiudicavit.
740 3216 886 3292 Decipere
904 3219 964 3278 hoc
977 3221 1101 3298 quidem

51 3319 104 3382 est,
114 3328 175 3368 non
184 3309 321 3370 iudicare.
346 3310 493 3384 Quocirca
503 3310 534 3370 in
544 3310 627 3370 omni
640 3322 724 3371 estre
738 3312 878 3390 fugienda
885 3315 951 3375 talis
962 3318 1099 3381 sollertia.

0 3425 36 3474 t1
111 3407 185 3465 Sunt
200 3416 301 3465 autem
320 3408 467 3482 quaedam
484 3407 580 3467 officia
601 3407 691 3469 etiam
709 3409 848 3470 adversus
872 3430 924 3472 eos
946 3417 1098 3492 servanda,

50 3501 189 3578 aquibus
208 3501 343 3562 iniuriam
362 3503 517 3580 acceperis,
561 3506 616 3564 Est
631 3503 712 3564 enim
729 3504 892 3567 ulciscendi
908 3518 939 3571 et
954 3510 1099 3587 puniendi

103 3727 132 3780 17
142 3719 213 3768 acrba
230 3718 274 3768 sed
291 3719 415 3770 malitiosa
430 3721 537 3771 insiticia
548 3727 643 3788 putant
657 3724 700 3773 Ba
715 3724 794 3774 Her'ne
809 3732 834 3776 et
853 3727 977 3779 malitiosa
995 3729 1039 3780 Lu
1052 3731 1099 3780 aar

51 3801 486 3926 ldajutneorlzneb'alieilu
515 3807 526 3863 l
551 3804 1095 3873 3aiuomnirefugiendaest0r2contra

35 3895 104 3926 mh
472 3887 475 3896 .
