2512 4192
59 151 73 208 Ι
88 165 149 208 xur
164 146 215 229 41]
441 154 490 212 De
507 153 608 212 bellicis
626 153 722 229 efficies
1072 175 1106 232 17

835 276 1108 288 —uu-——a-

186 323 316 372 eorundem
331 323 438 371 leterici
453 339 490 372 me
501 331 602 387 parcere
615 332 744 376 certumst:

187 404 256 463 deero,
274 404 357 464 ducite,
377 405 451 468 deque
466 406 597 454 volentibus
612 415 669 454 eum
687 406 785 471 magnis
802 407 846 457 des.

56 517 178 598 Regalis
192 539 263 580 sane
278 530 308 580 et
322 520 411 599 digna
424 522 620 584 Aeacidarum
634 543 741 600 genere
756 524 909 586 sententia.

10 704 14 711 ·
81 714 215 756 Individuals
246 729 272 757 α,
371 689 417 744 39.
460 671 559 746 Atque
573 669 670 743 etiam,
687 669 711 730 si
726 670 798 747 quid
812 671 1108 761 singulipamporibps

54 767 271 866 fflffiggffi
309 764 439 864 addudj
451 766 530 826 hosti
549 766 753 843 promiserunt,
775 779 819 828 est
840 768 870 826 in
891 788 928 828 eo
949 769 1013 846 ipso
1034 771 1107 829 fides
1136 789 1149 837 ⁵

54 866 119 957 me
138 867 271 966 &affieri
309 865 519 936 conservanda,
549 874 581 922 ut
610 862 705 940 primo
734 863 847 924 Punico
874 866 952 948 bello
974 869 1105 944 Regulus

54 967 272 1058 {ffimfflj
310 970 412 1036 captus
433 979 451 1019 a
470 959 586 1034 Poenis,
603 979 672 1019 cunr
694 962 732 1020 de
751 961 872 1039 captivis
887 965 1105 1025 commutandis

55 1080 148 1168 mim
163 1117 189 1158 os
203 1128 272 1158 arcu·
312 1057 442 1116 Romam
462 1055 568 1116 missus
589 1066 665 1116 esset
686 1055 866 1133 iurassetque
883 1078 915 1118 se
935 1059 1105 1134 rediturum,

56 1180 105 1209 cus„
309 1153 445 1231 primum,
461 1163 493 1212 ut
513 1152 602 1226 venit,
617 1153 747 1230 captivos
768 1156 937 1215 reddendos
956 1156 987 1214 in
1004 1169 1107 1217 senatu

56 1272 120 1312 non
134 1252 258 1325 censuit,
274 1251 392 1323 deinde,
408 1269 476 1308 cum
490 1249 662 1310 retineretur
676 1269 693 1308 a
706 1250 879 1327 propinquis
893 1263 922 1312 et
939 1253 976 1312 ab
995 1254 1105 1328 amicis,
1124 1277 1151 1310 ιο

55 1352 96 1410 ad
111 1349 289 1427 supplicium
303 1347 397 1408 redire
411 1345 514 1404 maluit
529 1364 618 1422 quam
631 1348 721 1407 fidem
735 1347 814 1407 hosti
828 1349 928 1407 datam
942 1351 1047 1410 fallere.

76 1535 271 1585 [instanceofper-
358 1493 409 1554 [4⁰·
444 1493 559 1542 Secundo
581 1500 663 1542 autern
681 1493 774 1542 Punico
791 1495 857 1542 bello
873 1502 930 1558 post
951 1495 1105 1546 Cannensem

53 1587 272 1646 juryintenttoman
310 1588 420 1637 pugnam
442 1589 504 1636 quos
524 1573 610 1622 decern
630 1574 759 1622 Hannibal
780 1575 886 1624 Romam
906 1577 1017 1626 astrictos
1039 1579 1106 1627 misit

55 1638 229 1686 soldiersdunng
238 1637 273 1676 the
311 1655 363 1703 iure
375 1655 478 1703 iurando
489 1671 516 1704 se
531 1655 651 1704 redituros
668 1671 728 1714 esse,
742 1655 788 1704 nisi
805 1655 837 1704 de
853 1658 1002 1706 redimendis
1018 1657 1048 1706 iis
1064 1660 1106 1722 qui

307 1737 377 1802 ‚capti
399 1743 469 1786 erant
490 1737 671 1800 impetrassent,
693 1753 735 1786 eos
762 1752 848 1787 omnes
875 1754 996 1795 censores,
1024 1743 1105 1804 quoad
1123 1757 1149 1802 ¹5

55 1820 163 1884 quisque
180 1835 265 1892 eorum
281 1817 350 1877 vixit,
370 1818 413 1881 qui
429 1817 631 1889 peierassentpin
646 1817 756 1908 aerariis)
766 1817 925 1882 reliquerunt,
959 1836 1004 1869 nec
1026 1823 1106 1870 minus

55 1902 137 1958 illum,
155 1901 199 1964 qui
216 1898 386 1948 iurisiurandi
403 1898 488 1947 fraude
505 1898 603 1962 culpam
620 1897 755 1947 invenerat.
789 1900 853 1948 Cum
870 1900 936 1949 enim
957 1901 1107 1951 Hannibalis

55 1982 179 2047 permissu
190 1980 279 2029 exisset
290 1979 321 2028 de
333 1979 425 2038 castris,
440 1970 512 2028 rediit
528 1979 603 2042 paulo
620 1986 684 2042 post,
696 1979 763 2042 quod
779 1995 806 2028 se
822 1980 927 2029 oblitum
944 1983 1027 2030 nescio
1047 1984 1106 2047 quid

56 2064 159 2112 diceret.
196 2059 295 2109 Deinde
312 2075 422 2123 egressus
438 2075 452 2108 e
469 2060 553 2108 castris
564 2062 616 2109 iure
627 2060 731 2107 iurando
740 2075 766 2108 se
777 2061 883 2109 solutum
895 2064 1005 2125 putabat,
1020 2071 1044 2112 et
1056 2070 1107 2113 erat

56 2143 150 2199 verbis,
161 2158 188 2190 re
200 2156 250 2188 non
262 2146 323 2189 erat.
356 2139 460 2203 Semper
471 2148 553 2189 autem
564 2139 590 2188 in
601 2139 651 2189 fide
671 2140 731 2203 quid
742 2141 853 2198 senseris,
864 2156 915 2190 non
937 2142 997 2206 quid
1008 2143 1106 2198 dixeris,
1121 2158 1151 2192 20

56 2223 228 2287 cogitandum.
262 2220 400 2269 Maximum
417 2228 499 2269 autem
516 2221 657 2284 exemplum
673 2228 710 2269 est
728 2220 834 2270 iustitiae
850 2222 877 2269 in
893 2223 989 2272 hostem
1005 2224 1106 2272 amaio·

84 2331 189 2382 Empta
198 2329 221 2369 ot
228 2329 273 2380 jus·
311 2302 379 2350 ribus
395 2301 484 2350 nostris
501 2301 668 2357 constitutum,
680 2316 736 2349 cum
753 2317 768 2349 a
785 2302 879 2365 Pyrrho
896 2303 998 2367 perfuga
1012 2305 1108 2353 senatui

56 2384 100 2425 tice
128 2381 221 2442 towards
246 2393 273 2418 ²¹¹
312 2388 349 2431 est
365 2381 490 2446 pollicitus
506 2397 532 2430 se
550 2397 671 2430 venenum
688 2382 738 2445 regi
755 2382 869 2430 daturum
887 2391 911 2432 et
931 2400 986 2432 eum
1009 2393 1120 2433 necata--

56 2431 274 2526 {iefflicfggffi
312 2481 382 2513 rum:
407 2472 505 2513 senatus
522 2469 546 2511 et
559 2463 589 2511 C.
602 2461 729 2510 Fabricius
746 2463 873 2526 perfugam
892 2464 985 2527 Pyrrho
1001 2465 1103 2520 dedidit.

57 2534 182 2582 ernanus]
312 2546 352 2595 Ita
363 2561 394 2594 ne
405 2545 482 2593 hostis
494 2529 594 2607 quidem
606 2548 630 2591 et
641 2542 749 2606 potentis
760 2551 785 2591 et
796 2543 889 2592 bellum
901 2546 965 2593 ultro
983 2545 1107 2595 inserentis
1121 2560 1149 2606 25

56 2633 186 2682 interitum
197 2645 253 2678 cum
265 2629 356 2677 scelere
368 2624 534 2690 approbavit]

56 1688 100 1728 and
109 1686 178 1728 Punic
188 1687 245 1728 Wat.

119 2782 167 2835 41.
211 2762 257 2818 Ac
272 2759 309 2818 de
323 2755 435 2817 bellicis
450 2755 571 2831 quidem
586 2753 688 2814 officiis
703 2747 772 2813 satis
787 2753 899 2814 dictum
913 2766 964 2814 est.
1002 2757 1108 2816 Memi-

133 2925 138 2934 .
181 2923 186 2933 Ι
312 2853 440 2913 nerimus
453 2862 552 2911 autem
576 2851 666 2911 etiam
680 2851 820 2910 adversus
834 2851 950 2911 infimos
967 2851 1108 2913 iustitiam

57 2926 166 3017 “iiiiii
180 2922 274 3034 'iiiii
311 2969 376 3010 esse
397 2949 580 3010 servandam.
623 2949 677 3007 Est
690 2958 790 3007 autem
811 2948 912 3008 infima
932 2952 1064 3013 conditio
1078 2965 1107 3013 et

58 3029 133 3068 “²⁹⁶²
310 3051 427 3109 fortuna
446 3066 604 3119 servorum,
620 3045 727 3136 qtdlurs
747 3065 809 3105 non
829 3048 906 3105 male
926 3048 1108 3126 praecipiunt
1120 3066 1151 3115 30

59 3151 110 3228 qui
135 3149 176 3211 ita
199 3149 301 3209 iubent
322 3144 367 3204 uti
390 3155 423 3204 ut
444 3143 663 3227 mercennariis:
683 3161 803 3219 operam
830 3143 1014 3221 exigendam,
1033 3145 1108 3206 iusta

310 3240 485 3320 praebenda
530 3242 608 3300 Cum
628 3250 728 3299 autem
748 3239 865 3299 duobus
885 3241 991 3314 modis,
1011 3241 1043 3301 id
1063 3255 1107 3302 est

83 3361 171 3421 wrong!
196 3372 270 3411 perpe-
309 3349 360 3398 aut
374 3320 466 3397 viaut
484 3338 594 3410 fraude,
616 3339 666 3396 fiat
684 3336 797 3411 iniuria,
812 3340 890 3398 fraus
912 3339 996 3414 quasi
1009 3342 1107 3417 vulpe-

58 3413 188 3512 ffl-rii
204 3420 273 3501 cil}
308 3439 402 3510 culae,
429 3435 473 3496 vis
500 3435 593 3496 leonis
626 3435 759 3496 videtur:
793 3443 951 3512 utrumque
985 3437 1106 3499 homine

130 3510 195 3553 ’Μ
224 3570 271 3610 ,pa
310 3533 529 3606 alienissimum,
564 3534 618 3594 sed
652 3535 729 3593 fraus
764 3533 835 3593 odio
869 3533 959 3610 digna
985 3532 1101 3601 maiore.
1119 3547 1147 3596 35

47 3611 100 3672 ,aas
120 3612 147 3655 ‘²‘
168 3610 272 3703 nurci:
308 3629 414 3693 Totius
440 3641 540 3690 autem
574 3629 731 3689 iniustitiae
765 3631 845 3689 nulla
877 3629 1028 3706 capitalior
1061 3643 1105 3690 est

312 3760 498 3829 torpescere.
508 3761 594 3811 Heller
600 3758 697 3826 (Philet.
707 3760 874 3811 Schneidewin
883 3771 927 3810 xu
936 3767 962 3826 p.
977 3773 1026 3825 goa
1037 3762 1110 3825 sqqn,

336 3844 387 3895 leur

1045 3963 1064 4002 2

1218 654 1240 699 l
