2512 4192
29 721 118 772 XXVI

133 163 191 217 rgo
390 144 440 201 De
455 145 623 201 contentione
638 144 762 202 Honesti
777 151 806 201 et
829 145 916 203 beta
961 140 1027 223 [111
1042 160 1166 222 xxv197

132 315 171 374 de
191 312 310 387 iustitia,
326 332 403 389 quae
423 332 541 389 semper
559 326 605 372 est
624 313 713 386 utilis,
730 314 913 390 disputatum
932 326 986 377 est.
1030 317 1170 395 Reliquae

132 422 201 470 sunt
222 410 301 469 duae
320 422 420 485 parter
438 408 610 481 honestatis,
625 429 750 486 quarum
759 411 1171 475 alterainanimiexcellentis

133 504 337 583 magnitudine
366 516 396 564 et
422 506 601 580 praestantia
619 506 757 579 cernitur,
777 509 869 568 altera
887 508 920 568 in
939 510 1172 572 conformatione

133 614 163 663 et
177 601 382 662 moderatione
395 600 597 662 continentiae
610 614 641 662 et
654 604 873 680 temperantiae

444 715 491 774 97.
521 699 604 759 Utile
617 699 772 759 ridebatur
785 701 876 774 Ulixi,
887 712 920 762 ut
933 701 1057 779 quidem
1069 707 1173 779 poetae
1195 723 1206 769 a

135 771 209 864 stiffi·
232 770 345 880 gxiii?
383 795 484 873 tragici
498 795 801 873 prodiderunt-nam
814 800 895 874 apud
910 801 1080 860 Homerum
1094 812 1174 878 optu-

134 886 199 923 ency
212 884 295 912 cornea
308 884 333 911 tn

134 892 349 964 numismati
387 914 469 955 mum
488 906 638 955 auctorem
656 896 722 956 talis
740 897 780 956 de
798 897 888 958 Ulixe
900 899 982 957 nulla
995 898 1119 975 suspitio
1132 910 1174 959 est

135 976 341 1082 ξζᾜᾷἶχχχη
385 1026 434 1065 -,
449 993 503 1052 sed
523 990 694 1052 insimulant
714 1012 783 1053 eum
802 993 970 1069 tragoediae
990 993 1174 1055 simulatione

160 1108 217 1148 ruat
255 1106 344 1165 nimina
382 1089 513 1149 insaniae
542 1088 675 1149 militiam
707 1091 906 1168 supterfugere
925 1091 1064 1152 voluisse.
1107 1094 1173 1153 Non

136 1158 344 1257 itici‘tseiopiiiiii
380 1187 540 1246 honestum
560 1185 725 1246 consilium
769 1188 822 1246 ‘At
841 1186 929 1258 utile,’
943 1198 977 1247 ut
997 1187 1104 1265 aliquis
1123 1190 1174 1248 for·
1187 1213 1211 1247 ro

137 1257 345 1356 iorilidlliowl
382 1293 459 1343 tasse
481 1282 594 1353 dixerit,
618 1287 751 1360 ‘regnare
771 1295 801 1345 et
822 1285 943 1345 Ithacae
962 1284 1061 1346 vivere
1082 1284 1174 1347 otiose

137 1358 345 1458 {‘i³,¹,¹¹,‘i¹,⁰,{'if¹¹¹¹¹'¹“
382 1398 450 1438 cum
471 1378 649 1455 parentibus,
669 1398 738 1438 cum
758 1398 857 1452 uxore,
872 1399 942 1439 cum
962 1382 1032 1442 filio.
1076 1383 1175 1442 Ullum

388 1488 420 1537 tu
435 1478 525 1538 decus
539 1477 570 1535 in
583 1476 740 1538 cotidianis
753 1477 902 1537 laboribus
917 1491 946 1539 et
959 1478 1098 1555 periculis
1111 1499 1174 1540 cum

137 1578 193 1635 hac
207 1573 418 1651 tranquillitate
432 1573 646 1633 conferendum
667 1584 752 1649 putas
761 1576 785 1634 i'
827 1574 891 1650 Ego
911 1594 982 1636 vero
1003 1577 1091 1636 istam
1110 1597 1176 1638 con-

136 1672 326 1733 temnendam
342 1681 372 1730 et
386 1669 582 1742 abiciendam,
597 1669 738 1746 quoniam
759 1662 835 1746 qd'ae
855 1672 981 1731 honesta
1001 1691 1063 1733 non
1084 1672 1120 1733 sit
1139 1693 1211 1742 ne15

136 1770 239 1830 utilem
254 1768 376 1845 quidem
391 1786 455 1828 esse
470 1767 600 1828 arbitror.
606 1758 628 1875 s
644 1769 690 1844 98.
724 1769 804 1844 Quid
817 1767 896 1828 enim
910 1769 1081 1829 auditurum
1094 1782 1175 1847 putas

137 1866 227 1926 fuisse
248 1865 376 1938 Ulixem,
394 1865 418 1924 si
439 1864 469 1925 in
490 1864 541 1924 illa
561 1863 748 1925 simulatione
766 1865 1026 1942 perseveravisset?
1047 1866 1175 1943 quicum

139 1962 281 2022 maximas
295 1982 340 2022 res
354 1960 476 2040 gesserit
491 1961 522 2020 in
535 1961 623 2035 bello,
640 1971 739 2021 tamen
752 1963 826 2021 haee
840 1961 940 2021 audiat
953 1964 993 2022 ab
1007 1961 1113 2024 Aiace:

400 2068 477 2118 Cuius
493 2067 543 2131 lpse
553 2067 670 2131 princeps
685 2066 749 2116 ieris
759 2067 864 2116 iurandi
870 2067 937 2131 ficit,

397 2151 462 2216 quod
475 2149 557 2199 dactus
572 2150 643 2210 scetis,
663 2148 727 2198 silus
743 2149 846 2213 neglexit
853 2148 937 2211 fidem.

389 2230 480 2295 furere
494 2228 651 2290 ddsz'nmlare,
671 2227 705 2278 n!
716 2230 794 2290 eoiret,
813 2229 912 2280 {nstitit

397 2313 463 2377 quod
475 2310 506 2361 nl
519 2311 648 2359 Palamedi
658 2309 786 2374 perspicax
796 2308 930 2374 prudentae

398 2393 468 2443 istius
479 2399 597 2457 percepset
613 2391 759 2440 mdlittbsam
775 2391 911 2452 audenbm,

388 2474 446 2540 fid!
456 2482 565 2524 sacratae
580 2474 621 2524 iris
630 2481 746 2539 perpetuo
754 2474 863 2538 fitlleret.

140 2596 187 2652 99.
224 2574 272 2634 Illi
291 2592 360 2634 reto
380 2591 441 2632 non
460 2573 552 2632 modo
567 2591 635 2631 cum
650 2571 794 2645 hostibus,
809 2589 910 2631 verum
924 2570 1015 2632 etiam
1029 2593 1099 2634 curn
1111 2575 1176 2635 fluc-
1188 2601 1213 2648 η

139 2674 227 2744 tibuS,
239 2672 271 2730 id
282 2671 364 2747 quod
375 2668 454 2740 fecit,
466 2668 606 2729 dimicare
617 2669 722 2728 melius
732 2668 787 2728 fuit
795 2687 884 2744 quam
894 2668 1029 2731 deserere
1037 2671 1179 2731 consenti-

140 2786 240 2828 entem
262 2766 416 2828 Graeciam
438 2766 477 2826 ad
502 2766 612 2827 bellum
633 2765 763 2826 barbatis
784 2765 978 2826 inferendum.
1020 2767 1080 2828 Sed
1100 2766 1180 2829 omit-

389 2874 484 2923 tamus
499 2873 528 2922 et
543 2863 657 2922 fabulas
670 2873 700 2923 et
715 2873 846 2922 externa:
866 2863 905 2923 ad
918 2882 981 2922 rem
994 2863 1104 2923 factam
1116 2882 1180 2924 nos

140 2915 352 3005 &tibitibi-iili
389 2973 524 3035 tramque
550 2958 711 3019 veniamus.
754 2962 798 3018 M.
820 2959 926 3019 Atilius
947 2962 1091 3038 Regulus,
1113 2982 1178 3023 cum

142 3016 212 3055 bound
224 3026 246 3052 tn
254 3014 309 3063 keep
318 3014 351 3052 his

141 3066 306 3165 ffipffipfiasg
316 3064 352 3103 the
390 3059 494 3116 consul
514 3055 619 3116 iterum
638 3056 670 3117 in
687 3055 788 3117 Africa
809 3076 846 3118 ex
859 3056 972 3118 insidiis
985 3070 1092 3136 captus
1105 3072 1178 3122 esset
1190 3085 1216 3136 30

150 3191 188 3220 cn.
199 3143 351 3220 ssu-xxia.
392 3155 470 3215 duce
488 3154 663 3232 Xanthippo
681 3154 929 3229 Lacedaemonio,
942 3154 1119 3232 imperatore
1134 3178 1179 3219 au·

391 3262 452 3310 tem
467 3261 549 3328 patre
564 3249 741 3311 Hannibalis
756 3249 936 3325 Hamilcare,
950 3250 1062 3312 iuratus
1075 3252 1179 3314 missus

143 3358 187 3405 est
208 3346 247 3404 ad
267 3356 411 3418 senatum,
426 3358 468 3418 ut,
482 3346 539 3406 nisi
559 3347 667 3408 redditi
689 3357 787 3409 essent
807 3346 917 3407 Poenis
935 3348 1047 3425 captivi
1066 3349 1178 3412 nobiles

143 3442 273 3518 quidam,
287 3441 395 3501 rediret
408 3441 472 3518 ipse
487 3444 711 3521 Karthaginem.
754 3446 785 3504 Is
805 3463 874 3503 cum
894 3447 1027 3505 Romam
1045 3447 1177 3519 venisset,

141 3538 273 3597 utilitatis
287 3537 418 3613 speciem
430 3538 559 3614 ridebat,
575 3541 629 3600 sed
646 3559 721 3612 eam,
734 3550 769 3600 ut
781 3559 828 3600 res
841 3541 978 3615 declarat,
991 3542 1097 3601 falsam
1109 3542 1179 3604 iudi·
1188 3570 1215 3619 35

141 3635 236 3694 mit:
256 3653 333 3710 quae
354 3646 416 3695 erat
435 3635 520 3696 talis:
540 3656 660 3698 munere
673 3636 705 3696 in
718 3636 820 3714 patria,
834 3655 899 3698 esse
911 3636 1016 3698 domui
1028 3658 1100 3701 suae
1111 3659 1176 3700 cum

192 3757 222 3791 ro
238 3744 309 3790 rona
327 3754 355 3791 ut
369 3742 458 3807 aliquis
473 3743 575 3794 fortasse
589 3743 678 3795 dixerit
692 3745 844 3795 Ilotarum
857 3751 880 3795 a
894 3746 1047 3811 Heurtitgm
1060 3747 1112 3796 ἕω
1127 3763 1177 3797 suo

128 3830 204 3886 firi:
212 3823 361 3873 ,ezziaerant
370 3824 410 3873 B„-
423 3824 502 3875 atim
