2512 4192
58 201 111 260 III
126 216 184 259 xiv
198 195 249 280 58]
328 201 377 259 De
396 201 562 260 contentione
580 200 703 259 flonesti
721 206 747 258 et
772 200 859 260 Utz'lis
1050 219 1104 279 115

71 425 147 477 (nea
206 439 240 467 me
256 433 276 468 ts
314 366 669 444 vero’inquitAntipater.
706 384 752 444 55.
776 367 872 442 ‘Quid
881 379 925 427 est
933 367 1014 428 enim
1024 368 1104 430 aliud

52 439 275 577 {gapaiffintlrs
312 463 442 524 erranti
458 463 548 523 viam
569 482 637 523 non
658 474 861 536 monstrare,
879 465 960 540 quod
979 467 1104 528 Athenis

107 558 111 568 '
312 561 545 621 execrationibus
565 559 690 638 publicis
711 571 845 620 sanctum
866 572 918 634 est,
934 561 1029 621 sihoc
1043 583 1105 624 non

56 669 110 733 est,
140 669 307 737 emptorem
330 658 392 736 pati
413 678 496 718 ruere
518 669 548 718 et
570 677 622 735 per
644 677 771 718 errorem
797 657 829 717 in
850 660 1009 722 maximam
1031 665 1104 724 frau-

55 758 128 816 dem
151 756 318 816 incurrere?
358 758 427 815 Plus
450 756 538 816 etiam
554 767 608 816 est
629 775 720 832 quarn
743 755 821 815 viam
844 777 904 817 non
927 773 1103 823 monstrare:
1134 786 1147 836 5

55 871 127 911 nam
163 863 209 912 est
243 852 384 912 scientem
413 853 444 912 in
473 872 600 913 enorem
630 853 752 912 alterum
785 851 943 915 inducere.’
985 857 1104 936 Dioge·

55 968 110 1010 nes
133 960 251 1010 contra:
274 952 368 1008 ‘Num
387 961 417 1010 te
444 969 554 1023 emere¹
567 949 673 1026 coegit,
695 949 746 1025 qui
768 970 806 1011 ne
828 951 960 1012 hortatus
982 954 1103 1028 quidem

48 1050 124 1107 est?
152 1046 202 1106 ille
229 1047 312 1124 quod
343 1066 404 1107 non
430 1020 585 1124 placeba?
593 1046 772 1123 proscripsit,
801 1057 834 1106 tu
862 1048 943 1123 quod
968 1050 1103 1126 placebat

55 1141 163 1202 emisti.
196 1142 287 1216 Quod
298 1141 385 1219 siqui
398 1142 596 1219 proscribunt:
613 1159 729 1201 vrumn
742 1160 850 1202 nonan
863 1160 1006 1214 Bnuuovu
1015 1163 1103 1205 xam-

57 1256 206 1312 FICATAM,
222 1258 284 1299 non
303 1239 507 1299 existimantur
524 1239 669 1312 fefellisse,
685 1238 800 1299 etiarnsi
819 1239 868 1298 illa
886 1260 942 1300 nec
960 1241 1040 1302 bona
1059 1254 1103 1303 est
1118 1261 1148 1295 10

56 1356 114 1397 uec
128 1337 284 1396 aedificata
297 1336 418 1410 ratione,
434 1338 528 1396 multo
542 1337 640 1396 minus
654 1336 705 1413 qui
720 1338 843 1396 domurn
857 1357 918 1397 non
937 1340 1100 1401 laudarunt.

58 1433 122 1494 Ubi
143 1433 226 1492 enirn
245 1432 387 1492 iudicium
407 1433 547 1511 emptoris
567 1445 620 1508 est,
635 1433 676 1494 ibi
690 1436 767 1493 fraus
781 1433 941 1494 venditoris
961 1455 1037 1511 quae
1053 1458 1103 1515 po·

57 1545 115 1591 test
129 1535 214 1592 esse?
248 1529 299 1591 Sin
313 1542 412 1591 autem
427 1530 539 1636 dictpm
546 1550 614 1613 non
628 1549 718 1591 omne
731 1532 939 1608 praestandum
953 1544 1007 1606 est,
1021 1536 1104 1609 quod

59 1630 174 1690 dictum
189 1649 250 1689 non
265 1640 316 1703 est,
332 1628 364 1689 id
378 1601 587 1706 pffesiandhm
602 1631 705 1706 putas?
746 1627 828 1703 Quid
845 1648 915 1689 vero
929 1640 973 1689 est
987 1630 1102 1690 stultius

59 1747 150 1803 quam
164 1726 349 1787 venditorem
363 1727 426 1788 eius
440 1727 490 1800 rei,
506 1747 596 1804 quam
609 1728 727 1799 vendat,
739 1725 809 1785 vitia
823 1728 956 1786 narrare?
969 1726 1041 1802 quid
1054 1746 1102 1785 au·
1118 1745 1144 1790 15

59 1836 120 1886 tem
135 1835 198 1883 tam
212 1824 371 1884 absurdum
386 1843 476 1901 quam
491 1824 515 1884 si
534 1823 648 1884 domini
667 1823 747 1882 iussu
766 1823 807 1882 ita
820 1843 925 1900 praeco
940 1823 1102 1901 praedicet:

59 1939 177 1981 nonvru
198 1936 414 1979 PESTILENTEM
435 1921 573 1979 vanool'
616 1922 662 1997 56.
706 1919 755 1980 Sic
779 1939 847 1995 ergo
872 1919 903 1978 in
927 1920 1103 1996 quibusdam

59 2019 157 2080 causis
177 2017 276 2077 dubiis
295 2037 333 2077 ex
351 2020 441 2079 altera
460 2031 542 2096 parte
562 2017 730 2078 defenditur
747 2017 894 2089 honestas,
909 2036 946 2076 ex
960 2018 1050 2077 altera
1063 2019 1104 2076 ita

60 2117 97 2176 de
112 2115 240 2175 utilitate
255 2113 368 2188 dicitur,
384 2126 416 2174 ut
430 2115 470 2188 id,
486 2115 568 2191 quod
582 2114 653 2174 utile
669 2113 810 2185 videatur,
826 2132 887 2172 non
901 2114 993 2172 modo
1008 2113 1103 2173 facere

59 2215 220 2273 honestum
233 2211 278 2284 sit,
294 2212 449 2271 sedetiam
463 2231 524 2271 non
537 2213 631 2271 facere
650 2220 741 2287 turpe
785 2210 872 2269 Haec
892 2218 937 2268 est
957 2208 1006 2268 illa
1027 2228 1104 2285 quae
1117 2231 1147 2266 20

85 2356 205 2398 statement
255 2355 279 2397 os
313 2308 429 2369 videtur
446 2308 561 2367 utilium
581 2307 643 2366 fieri
662 2326 731 2365 curn
744 2304 876 2365 honestis
891 2324 978 2380 saepe
993 2304 1104 2364 dissen-

61 2409 222 2500 ξξξίξξθξίᾞ
234 2406 276 2498 3ξᾶ
303 2407 366 2467 sio.
404 2407 489 2513 quae
500 2405 691 2465 diiudicanda
702 2413 783 2463 sunt:
797 2422 858 2461 non
870 2402 957 2475 enim,
970 2412 1002 2461 ut
1017 2421 1103 2478 quae·

61 2507 131 2550 Cases·
314 2487 663 2581 reremus,lexposuimus]
680 2497 732 2557 sed
746 2507 778 2556 ut
792 2496 1010 2573 explicaremus.
1055 2513 1101 2573 57.

62 2606 132 2663 Non
152 2603 240 2680 igitur
257 2602 372 2662 videtur
389 2617 446 2656 nec
464 2595 668 2656 frumentarius
681 2595 731 2654 ille
745 2593 881 2653 Rhodios
896 2612 952 2653 nec
965 2592 1013 2652 hie
1027 2592 1105 2653 aedi-

61 2722 112 2761 um
132 2699 270 2760 venditor
290 2699 385 2757 celare
406 2703 554 2770 emptores
574 2691 719 2752 debuisse.
763 2692 870 2765 Neque
897 2688 976 2748 enim
1003 2688 1036 2748 id
1059 2700 1103 2748 est
1117 2707 1146 2755 ²5
1176 2709 1178 2714 ·

61 2799 166 2870 celare,
182 2792 327 2871 quidquid
347 2789 478 2861 reticeas,
494 2791 547 2849 sed
567 2808 645 2861 cum,
661 2787 743 2864 quod
764 2797 796 2846 tu
817 2785 900 2858 scias,
920 2784 952 2844 id
971 2785 1103 2861 ignorare

61 2873 256 2954 emolumenti
269 2889 312 2950 tui
331 2907 419 2947 causa
437 2885 510 2945 velis
526 2905 588 2958 eos,
602 2904 728 2962 quorum
742 2882 853 2943 intersit
868 2882 900 2942 id
914 2881 994 2942 scire.
1032 2884 1103 2941 Hoc

61 3002 163 3050 autem
176 2986 294 3048 celandi
307 3003 399 3063 genus
414 2983 501 3058 quale
515 2981 552 3040 sit
566 2992 597 3042 et
610 2981 694 3040 cuius
703 2978 840 3052 hominis,
852 2978 917 3054 quis
932 2997 992 3037 non
1001 2976 1104 3038 videt?

63 3089 150 3148 Certe
172 3104 234 3144 nou
258 3082 349 3160 aperti
374 3100 435 3140 non
461 3077 608 3155 simplicis,
630 3097 692 3137 non
713 3075 833 3153 ingenui
857 3095 918 3135 non
943 3074 1018 3148 iusti,
1042 3095 1102 3134 non

62 3183 112 3244 viri
132 3181 214 3254 boni,
234 3176 460 3257 versudpotjus
482 3175 606 3248 obscuri,
630 3173 722 3242 astuti,
743 3172 861 3246 fallacis,
886 3172 1023 3257 malitiosi
1048 3175 1103 3232 cal-
1117 3183 1147 3230 30

62 3281 121 3354 lidi,
136 3254 399 3341 veteratorisvafri.
444 3273 531 3359 Haec
549 3282 595 3331 tot
613 3282 643 3331 et
656 3270 714 3330 alia
726 3271 810 3347 plura
828 3289 927 3328 nonne
942 3269 1045 3329 inutile
1058 3281 1102 3330 est

63 3371 198 3438 vitiorum
212 3365 309 3435 subire
323 3370 463 3432 nomina?
1087 3369 1094 3377 ’

86 3466 271 3566 'Case'fflm
379 3472 424 3544 58.
468 3468 558 3543 Quod
585 3467 610 3527 si
635 3465 820 3542 vituperandi
847 3464 898 3541 qui
917 3463 1101 3536 reticuerunt,

63 3573 273 3634 ruhtfalsehoobas
310 3564 383 3641 quid
408 3565 445 3624 de
469 3563 505 3622 iis
528 3562 756 3623 existimandum
780 3572 833 3633 est,
855 3560 907 3636 qui
931 3560 1102 3620 orationis

63 3636 84 3666 ur
92 3625 127 3665 the
137 3623 200 3664 fraud
213 3634 274 3673 prac-

64 3673 273 3732 tisedunoncluws
311 3659 502 3720 vanitatem
516 3658 731 3718 adhibuerunt?
761 3658 795 3717 C.
812 3657 923 3716 Canius
937 3675 1028 3732 eques
1043 3659 1102 3716 Ro·
1115 3672 1144 3722 35

63 3721 274 3825 pyxofflppghp
311 3774 424 3829 manus,
440 3774 496 3814 nec
516 3753 660 3813 infacetus
681 3763 710 3812 et
731 3751 801 3812 satis
821 3751 972 3822 litteratus,
987 3770 1055 3810 curn
1069 3769 1101 3810 se

437 3884 465 3928 14
482 3867 544 3930 [est]
559 3867 658 3919 stultius
678 3867 717 3919 Or

10 3465 53 3522 ΚΝ

966 3970 1055 4025 8-2
