2512 4192
56 173 110 232 111
125 188 160 232 rx
175 167 229 252 39]
320 173 369 231 De
386 173 551 231 contentione
569 175 692 232 Honesti
710 181 737 232 et
765 176 851 236 Utilis
1046 198 1101 254 109

56 381 210 424 mmm,
219 381 275 424 do„
312 335 424 395 lacinus
448 336 532 409 inest,
554 335 644 396 etiam
668 336 693 396 si
714 339 754 399 ad
775 337 807 398 id
831 358 892 398 non
909 340 1102 417 pervenerint.

56 447 82 475 ⁰¹
97 442 144 492 Ψ»
166 433 275 474 ‘'hm“
313 432 391 509 Ergo
408 451 444 491 ea
462 431 652 492 deliberanda
673 433 796 494 omnino
816 454 878 494 non
899 446 975 509 sunt,
990 434 1022 494 in
1043 436 1105 513 qui·

55 483 276 634 ἓξὲξιιζξέὲιὲ
312 526 368 586 bus
392 536 438 587 est
464 525 555 602 turpis
582 525 646 602 ipsa
669 527 993 615 deliberatio.¹,Atque
1014 529 1104 590 etiam

56 633 278 694 nmuoeumentthat
314 642 352 683 ex
379 623 461 684 omni
488 623 700 684 deliberatione
731 626 847 686 celandi
876 639 906 688 et
934 627 1104 688 occultandi

55 684 242 804 adfabile?
260 691 278 725 η
314 741 381 798 spes
413 719 574 796 opinioque
604 722 785 781 removenda
818 733 879 783 est:
921 723 989 784 satis
1024 724 1104 785 enim
1135 755 1148 805 5

55 784 275 886 mi‘iiiridissffl
313 817 407 890 nobis,
430 817 454 876 si
474 818 566 877 modo
586 814 618 876 in
638 817 825 895 philosophia
849 818 961 896 aliquid
981 820 1106 898 profeci·
1150 840 1155 853 ²

55 936 134 992 mus,
163 937 337 996 persuasum
357 934 422 975 esse
450 915 547 986 debet,
571 912 595 973 si
616 933 719 974 omnes
751 916 823 975 deos
844 916 1039 994 hominesque
1059 937 1105 978 ce·

56 1017 119 1077 lare
136 1014 286 1093 possimus
303 1013 376 1073 nihil
394 1024 494 1071 tamen
515 1030 600 1070 avare
625 1011 699 1070 nihil
719 1011 833 1093 iniuste,
853 1014 925 1073 nihil
946 1014 1102 1076 libidinose

10 1134 43 1184 [x
56 1113 132 1173 nihil
159 1112 379 1172 incontinenter
405 1128 469 1169 esse
497 1108 674 1169 faciendum.
682 1096 733 1213 s
737 1113 787 1186 38.
815 1111 898 1171 Hinc
926 1111 975 1172 ille
1005 1114 1102 1191 Gyges

54 1209 209 1270 inducitur
229 1227 248 1268 a
269 1209 402 1278 Platone,
424 1204 484 1281 qui,
507 1224 576 1263 cum
597 1215 673 1265 terra
701 1205 882 1267 discessisset
903 1208 1016 1286 magnis
1038 1209 1100 1285 qui·
1120 1242 1149 1276 ro

55 1307 185 1367 busdam
220 1302 370 1376 imbribus,
406 1300 560 1361 descendit
592 1300 623 1361 in
655 1301 738 1382 illum
772 1303 885 1364 hiatum
919 1309 1104 1382 aeneumque

56 1422 177 1480 equum,
211 1412 244 1461 ut
272 1402 369 1459 ferunt
397 1399 521 1470 fabulae,
553 1397 765 1474 animadvertit,
796 1401 878 1461 cuius
907 1401 938 1463 in
966 1403 1104 1464 lateribus

55 1502 133 1561 sores
148 1509 267 1559 essent:
288 1496 393 1574 quibus
412 1496 519 1573 apertis
541 1515 647 1573 corpus
666 1498 795 1558 hominis
814 1500 922 1559 mortui
939 1500 1013 1561 vidit
1027 1521 1105 1579 mag-

56 1597 194 1658 nitudine
225 1595 365 1654 inusitata
390 1595 571 1669 anulumque
602 1614 725 1654 aureum
758 1596 789 1656 in
821 1597 922 1675 digito,
953 1615 1043 1673 quem
1070 1607 1103 1656 ut

57 1695 192 1768 detraxit,
215 1693 279 1771 ipse
299 1691 496 1752 induit-erat
517 1702 617 1766 autem
637 1693 732 1768 regius
752 1706 972 1771 pastor-‚tum
985 1695 1016 1754 in
1036 1714 1146 1773 con-15

57 1793 159 1853 cilium
181 1811 214 1852 se
234 1801 385 1868 pastorum
405 1789 523 1865 recepit.
566 1787 614 1849 Ibi
642 1809 711 1848 cum
739 1793 837 1867 palam
866 1792 928 1853 eius
957 1791 1038 1852 anuli
1066 1792 1105 1851 ad

58 1891 190 1966 palmam
218 1896 409 1958 converterat,
435 1905 453 1944 a
481 1886 563 1944 nullo
592 1885 754 1959 videbatur,
784 1886 847 1963 ipse
876 1899 976 1949 autem
1005 1887 1105 1948 omnia

57 1986 198 2046 videbat:
226 1983 307 2043 idem
335 2002 433 2041 rursus
461 1981 622 2054 videbatur,
644 2002 713 2041 cum
740 1983 772 2042 in
800 1986 899 2044 locum
922 1988 1042 2045 anulum
1063 1985 1105 2044 in·

57 2092 219 2149 verterat·
235 2082 340 2156 Itaque
370 2079 426 2137 hac
457 2078 674 2154 opportunitate
703 2079 784 2139 anuli
812 2100 881 2140 usus
901 2081 1019 2159 reginae
1047 2092 1104 2141 stu·

56 2199 144 2256 prum
164 2158 264 2238 iritulit
284 2195 379 2252 eaque
400 2175 542 2234 adiutrice
566 2195 665 2252 regem
691 2177 846 2236 dominum
867 2177 1022 2252 interemit,
1045 2197 1104 2238 sus·
1118 2212 1150 2246 20

58 2276 123 2337 tulit
153 2294 231 2352 quos
261 2275 376 2335 obstare
405 2271 604 2345 arbitrabatur,
627 2293 682 2332 nec
703 2272 734 2332 in
754 2275 800 2334 his
828 2294 897 2335 eum
926 2275 1104 2336 facinoribus

58 2373 216 2450 quisquam
236 2370 331 2448 potuit
355 2369 462 2429 videre.
508 2369 557 2429 Sic
581 2381 701 2447 repente
722 2370 802 2431 anuli
821 2373 967 2432 beneficio
987 2393 1038 2433 rex
1058 2392 1105 2433 ex-

59 2482 140 2531 ortus
171 2479 218 2530 est
248 2467 367 2544 Lydiae.
425 2468 517 2524 Hunc
547 2465 634 2543 igitur
664 2466 760 2543 ipsum
790 2471 911 2528 anulum
943 2469 967 2529 si
997 2470 1104 2530 habeat

59 2567 185 2645 sapiens,
207 2563 280 2624 nihil
308 2565 374 2639 plus
403 2561 459 2622 sibi
488 2561 576 2622 licere
606 2574 689 2639 putet
717 2583 851 2641 peccare,
869 2586 959 2643 quam
988 2566 1012 2626 si
1042 2586 1103 2627 non

58 2667 187 2728 haberet.
234 2664 371 2721 Honesta
392 2660 471 2720 enim
492 2659 578 2720 bonis
598 2660 674 2734 viris,
697 2681 758 2720 non
779 2664 896 2722 occulta
915 2656 1151 2744 quaeruntur65

58 2781 102 2838 39.
147 2762 248 2834 Atque
277 2757 336 2815 hoc
364 2757 432 2814 loco
460 2755 630 2833 philosophi
659 2757 789 2832 quidam,
812 2757 934 2819 minime
965 2759 1035 2818 mali
1063 2760 1104 2840 illi

57 2858 180 2935 quidem
200 2854 254 2914 sed
274 2872 336 2912 non
357 2851 426 2911 satis
447 2851 534 2925 acuti,
549 2853 648 2911 fictam
667 2864 697 2912 et
718 2854 955 2914 commenticiam
976 2857 1105 2916 fabulam

57 2956 204 3032 prolatam
225 2950 328 3010 dicunt
341 2968 359 3008 a
373 2950 506 3022 Platone,
522 2948 607 3026 quasi
627 2969 696 3009 vero
717 2949 767 3010 ille
787 2961 837 3010 aut
858 2953 967 3011 factum
988 2951 1020 3012 id
1039 2972 1104 3014 esse

58 3062 107 3111 aut
127 3047 193 3109 fieri
213 3045 344 3123 potuisse
366 3046 513 3104 defendat
558 3047 645 3106 Haec
663 3057 708 3106 est
721 3047 764 3106 vis
779 3046 866 3107 huius
879 3047 960 3107 anuli
974 3060 1004 3109 et
1017 3049 1105 3110 huius

58 3143 204 3222 exempli:
226 3143 250 3202 si
272 3161 361 3203 nemo
383 3141 516 3214 scitums,
531 3160 622 3201 nemo
637 3161 675 3201 ne
694 3143 891 3219 suspicatums
914 3145 1036 3221 quidem
1058 3146 1103 3219 sit,
1119 3183 1150 3230 30

57 3263 127 3304 cum
148 3239 262 3317 aliquid
280 3238 446 3298 divitiarum
464 3237 622 3315 potentiae,
639 3239 850 3300 dominationis
868 3240 998 3302 libidinis
1016 3262 1105 3303 causa

58 3338 171 3412 feceris,
193 3336 219 3396 si
238 3335 271 3396 id
292 3335 337 3395 dis
358 3333 587 3410 hominibusque
611 3336 740 3395 futurum
764 3335 802 3396 sit
826 3355 941 3414 semper
961 3338 1103 3416 ignotum,

57 3440 136 3501 sisne
157 3438 306 3498 facturus?
345 3436 465 3512 Negant
478 3434 510 3494 id
523 3433 693 3522 fieripossc
737 3437 936 3514 Nequaquam
956 3450 1053 3517 potest
1074 3440 1106 3501 id

109 3617 138 3664 14
155 3597 282 3648 invisitata
295 3597 337 3647 Ba
348 3596 430 3646 Heino
444 3611 499 3644 cum
510 3594 601 3644 duobus
611 3595 676 3644 codd.
715 3599 726 3653 ΙΙ
762 3611 793 3658 24
809 3595 887 3645 nihilo
902 3595 958 3662 plus
974 3597 1016 3646 Ba
1026 3597 1106 3645 Pleion

59 3682 100 3735 Lu
118 3695 176 3730 mm
194 3692 245 3727 uno
259 3677 307 3726 coci.
361 3680 371 3735 11
418 3676 491 3725 verbo
512 3690 616 3740 peccare
638 3676 752 3740 quamsi
770 3693 822 3726 non
838 3678 941 3727 haberet
960 3678 1108 3727 secluserunt

58 3765 101 3817 Ba
116 3764 159 3815 Lu
173 3766 274 3811 mm
287 3759 417 3822 Madvz'gio
451 3762 463 3816 ΙΙ
498 3774 528 3822 33
556 3772 712 3822 nequaquam
728 3761 796 3811 Facc.
816 3761 883 3811 Ern.
902 3761 944 3811 Ba
959 3761 1040 3811 Heine
1054 3767 1108 3825 post

59 3842 369 3909 Unumqumqnam
383 3841 462 3891 noso
469 3841 511 3890 Zn
519 3840 562 3890 ln
571 3856 628 3898 cnon
638 3842 705 3894 codd.
