2512 4192
135 702 207 751 ...De
228 700 343 752 officiis
362 718 427 767 quae
446 703 574 752 volumina
593 703 734 763 ediscenda,
757 719 808 754 non
830 703 907 753 modo
928 703 955 753 in
971 703 1085 757 manibus

88 781 173 831 cotidie
183 781 299 831 habenda
309 783 493 832 nosti—tun.
505 783 607 848 praefat
622 791 673 834 net.
685 784 744 835 hist.
757 787 771 846 ἕ
783 801 822 834 aa.

132 907 199 970 Quid
217 907 273 957 aliis
291 907 389 957 accidat
407 906 492 958 nescio
501 924 510 969 3
526 924 566 958 me
584 908 709 973 legentem
726 908 762 959 sic
778 909 875 959 afficere
891 910 954 960 solet
966 912 1003 960 M.
1016 911 1084 961 Tul-

88 986 148 1044 lius,
160 988 304 1052 praesertim
321 988 365 1038 ubi
381 983 413 1038 d'e
429 989 494 1040 bene
510 990 618 1039 vivendo
634 990 739 1047 disserit,
752 997 780 1040 ut
796 991 910 1042 dubitare
920 1008 970 1042 nou
982 993 1083 1057 possim,

87 1068 142 1132 quin
163 1068 226 1119 illud
247 1076 335 1134 pectus
356 1071 423 1120 unde
445 1070 492 1121 ista
514 1070 658 1135 prodierunt
680 1067 764 1135 aliqua
780 1072 897 1122 divinitas
914 1073 1083 1137 occuparit.-

87 1159 209 1198 tttastws
220 1164 260 1213 ep.
274 1150 307 1198 ad
320 1150 441 1199 Ioannem
453 1149 608 1200 Ulatteuum.

130 1280 172 1330 Sic
191 1296 232 1330 me
249 1287 330 1330 totum
349 1280 512 1331 inflammavit
530 1282 563 1330 ad
579 1281 677 1331 honesti
688 1281 834 1347 virtutisque
850 1284 967 1343 studium,
981 1294 1009 1334 ut
1020 1285 1081 1333 iam-

85 1358 177 1421 pridem
198 1358 262 1408 nihil
283 1359 333 1409 tale
352 1360 479 1416 senserim,
497 1367 619 1409 nostrates
638 1361 759 1424 quosdam
776 1357 913 1413 neotericos
930 1362 1023 1426 legens,
1039 1363 1081 1427 qui

85 1440 216 1490 Christiani
235 1440 392 1490 Christianae
411 1441 584 1507 philosophiae
603 1442 721 1505 mysteria
738 1442 885 1507 profitentur
903 1452 928 1494 et
944 1443 1032 1494 iisdem
1049 1446 1081 1494 de

85 1521 154 1571 rebus
168 1537 268 1584 magna,
282 1529 310 1572 ut
327 1522 400 1573 nohis
416 1523 521 1582 videtur,
540 1522 676 1571 subtilitate
692 1522 814 1572 disserunt
829 1523 873 1572 sed
889 1538 967 1587 aeque
983 1525 1080 1589 frigide.
1153 1550 1156 1554 ·

85 1615 153 1652 mnu
164 1602 197 1651 ad
211 1603 297 1652 Iacob.
309 1603 430 1653 Tutorem
440 1603 519 1668 praes.
531 1604 563 1652 ad
575 1603 615 1652 ed.
627 1603 708 1668 Lugd.
724 1618 792 1668 1557.

130 1735 185 1785 Hos
202 1750 250 1800 ego
265 1735 342 1784 libros
359 1734 493 1791 Ciceronis,
511 1734 532 1784 si
549 1743 619 1798 quos'
627 1734 698 1791 ahos,
715 1735 804 1799 dignos
820 1751 909 1787 censeo
925 1737 968 1802 qui
984 1738 1079 1788 adules-

83 1815 183 1866 centulis
204 1817 231 1866 in
253 1816 345 1865 scholis
366 1815 666 1880 explicentur...Delectat
685 1817 752 1867 enim
771 1820 891 1883 propositi
911 1820 995 1884 ipsius,
1012 1823 1078 1886 quod

82 1911 165 1946 omnes
186 1897 253 1946 vitae
274 1902 357 1961 partes
373 1896 575 1960 comprehendat,
593 1897 740 1961 amplitudo,
760 1899 864 1948 varietas
880 1908 1076 1965 praeceptorum,

81 1991 176 2040 semper
186 1976 354 2035 honestorum,
369 1977 413 2025 sed
424 1991 499 2041 saepe
510 1977 586 2027 etiam
596 1985 668 2027 acute
683 1979 714 2026 ad
727 1978 804 2027 vitam
821 1987 886 2030 recte
903 1981 1078 2032 instituendam

82 2056 274 2120 excogitatorum
287 2056 373 2116 (veluti
384 2056 468 2106 locum
478 2056 510 2106 de
521 2057 649 2107 beneficiis
665 2059 820 2110 conserendis
831 2060 875 2108 lib.
888 2072 910 2109 11
921 2075 942 2110 c.
958 2075 989 2112 to
1000 2061 1077 2111 admi-

83 2135 183 2185 rabilem
195 2134 303 2195 iudico):
321 2135 428 2186 delectat
440 2137 502 2187 ordo
517 2154 598 2187 rerum
615 2146 727 2188 accurate
744 2147 869 2190 servatus:
886 2141 993 2190 delectat
1002 2143 1077 2192 etiam

81 2231 160 2265 rerum
172 2217 342 2266 Romanarum
353 2217 570 2282 institutorumque
586 2218 723 2282 patriorum
739 2218 854 2283 frequens
865 2222 1074 2283 commemoratio,

80 2308 114 2356 ut,
125 2298 239 2364 quamvis
249 2298 343 2348 utilitas
353 2307 541 2364 praeceptorum
552 2300 674 2364 generalis
685 2301 725 2357 sit,
737 2308 821 2349 tamen
836 2301 910 2350 simul
921 2302 997 2351 etiam
1008 2304 1076 2367 peni·

80 2391 118 2432 tus
136 2381 279 2447 cognitione
298 2381 452 2445 antiquitatis
471 2383 591 2432 imbuere·
626 2382 713 2432 Sermo
731 2383 828 2432 excellit
845 2384 952 2447 eleganti
968 2385 1076 2448 quadam

79 2464 204 2528 gravitate,
219 2471 247 2512 ut
258 2463 331 2512 facile
342 2479 426 2513 senem
437 2465 591 2514 consularem
602 2480 659 2514 cum
670 2464 730 2525 filio,
741 2466 811 2516 cuius
821 2481 894 2515 causa
905 2468 989 2516 omnia
999 2470 1075 2533 cupit,

79 2545 186 2610 colloqui
203 2546 295 2595 sentias
304 2560 313 2604 ς
330 2553 438 2594 remotus
457 2553 494 2594 est
511 2545 554 2595 ille
573 2547 674 2610 quidem
692 2562 708 2595 a
726 2546 792 2596 laeta
811 2547 932 2604 ubertate,
952 2564 1028 2612 quam
1049 2550 1075 2599 in

79 2626 238 2686 orationibus,
257 2629 389 2691 praecipue
404 2625 523 2683 Verrinis
540 2627 676 2675 admiratur
692 2626 813 2686 iuventus,
832 2642 930 2690 quaque
946 2643 997 2676 non
1014 2629 1074 2678 diffi-

78 2709 168 2758 teorin
184 2708 270 2774 primis
287 2707 320 2756 ali
337 2707 492 2772 eloquentiae
508 2709 635 2772 quoddam
650 2707 755 2756 Latinae
770 2708 898 2768 studium;
914 2709 958 2757 sed
969 2709 1074 2758 admira·
1111 2743 1115 2751 ·

78 2791 134 2840 bilis
145 2797 182 2840 est
192 2789 268 2839 etiam
278 2790 340 2839 haec
351 2789 468 2839 adstricta
475 2790 610 2849 maturitas,
621 2804 684 2854 quae
693 2789 755 2838 sicut
766 2788 829 2838 nihil
840 2789 916 2838 habet
923 2789 1074 2841 luxuriosum

79 2886 107 2920 ac
123 2869 271 2926 redundans,
284 2869 320 2918 ita
334 2869 367 2918 ab
383 2870 525 2920 austeritate
541 2876 567 2920 et
583 2869 694 2920 siccitate
710 2869 853 2932 longissime
869 2869 947 2918 abest.
980 2881 1075 2920 zuntt’r

79 2953 154 3018 praet.
166 2952 199 3001 ad
210 2951 250 3001 ed.
262 2951 320 3000 min.
336 2967 360 3015 p.
375 2952 408 3000 vi.
