2512 4192
69 200 241 259 IIIxxvur
256 193 323 277 102]
354 196 405 255 De
422 196 588 254 contratrum
605 193 729 254 Honesti
745 201 773 254 et
797 195 885 256 Utt'lir
920 208 923 218 ·
1064 217 1117 274 131
1191 253 1194 259 .

69 388 173 443 uxore,
189 387 259 428 cum
272 364 380 439 liberis,
396 384 486 442 quam
500 362 700 425 calamitatem
714 364 876 441 accepisset
890 365 921 424 in
935 366 1024 440 bello,
1040 385 1120 427 com·

71 483 198 525 munem
217 464 353 524 fortunae
369 459 494 522 bellicae
521 459 703 551 QQW
723 471 823 521 tenere
844 461 1006 523 consularis
1027 461 1120 540 digni·

71 561 143 622 tatis
162 562 296 639 gradum.
340 557 415 632 Quis
435 557 510 616 haec
531 567 620 634 negat
640 575 705 618 esse
726 556 827 618 utilia?
868 558 967 632 Quem
994 561 1120 619 censes?

10 674 57 722 m
71 658 254 736 Magnitudo
267 655 358 716 animi
373 665 402 716 et
417 653 558 714 fortitudo
573 625 687 762 negat‘
716 674 780 713 roo.
810 655 892 715 Num
912 655 1119 732 locupletiores

69 755 189 836 quaeris
211 755 367 815 auctores?
409 754 526 811 Harum
547 751 626 811 enim
649 761 693 811 est
712 751 852 811 virtutum
872 751 1026 829 proprium
1046 753 1119 814 nihil
1147 776 1160 824 5

69 854 272 925 extimescere,
288 850 388 911 omnia
401 850 533 909 humana
549 847 711 926 despicere,
727 847 801 908 nihil
820 850 901 924 quod
916 849 1029 909 homini
1044 850 1120 910 acci·

69 953 141 1012 dere
155 949 249 1028 possit
263 947 481 1008 intolerandum
494 956 606 1024 putare.
650 947 757 1022 Itaque
771 945 844 1022 quid
859 944 951 1007 fecit?
985 948 1023 1006 In
1037 967 1119 1008 sena-

68 1060 135 1109 tum
149 1047 240 1121 venit,
255 1047 398 1106 mandata
416 1043 561 1120 exposuit,
578 1042 754 1103 sententiam
773 1063 812 1104 ne
822 1042 942 1103 ¹diceret
960 1045 1119 1107 recusavit:

65 1164 162 1222 quam
182 1143 236 1204 diu
256 1141 318 1202 iure
339 1140 463 1200 iurando
483 1138 613 1198 hostium
637 1149 794 1211 teneretur,
816 1157 879 1198 non
900 1158 965 1200 esse
986 1159 1017 1200 se
1039 1160 1120 1200 sena·

68 1253 175 1303 torem.
183 1225 211 1305 l
218 1241 319 1315 Atque
337 1235 411 1295 illud
426 1234 591 1295 etiam—‘o
605 1236 729 1295 stultum
743 1235 909 1296 hominem'
924 1236 1029 1297 dixerit
1044 1237 1120 1314 quis·
1134 1264 1162 1297 10

69 1339 154 1416 piam
176 1341 219 1398 ‘et
240 1343 454 1414 repugnantem
474 1330 592 1392 utilitati
621 1332 845 1394 suaet-reddi
873 1333 1005 1411 captivos
1034 1353 1120 1412 nega·

68 1435 113 1495 vit
133 1443 200 1495 es'se
220 1431 311 1492 utile:
338 1430 405 1490 illos
433 1427 512 1491 enim
533 1430 740 1491 adulescentes
761 1448 826 1490 esse
847 1439 877 1490 et
898 1430 994 1490 bonos
1016 1431 1117 1505 duces,

70 1553 104 1594 se
124 1533 185 1593 iarn
199 1529 368 1590 consectum
383 1537 544 1588 senectute.
588 1525 681 1588 Cuius
701 1546 771 1586 curn
792 1527 930 1588 valuisset
950 1529 1118 1604 auctoritas

69 1628 182 1706 captivi
202 1625 308 1687 retenti
328 1634 405 1697 sunt,
420 1623 483 1700 ipse
505 1623 721 1701 Karthaginem
742 1623 828 1684 rediit
849 1644 947 1701 neque
968 1646 1036 1686 eum
1051 1626 1121 1686 cari-

70 1740 117 1788 tas
137 1723 250 1803 patriae
273 1720 392 1782 retinuit
413 1739 470 1780 nec
491 1738 619 1780 suorum.
664 1721 772 1797 Neque
792 1740 862 1782 vero
883 1732 946 1781 tum
967 1722 1120 1799 ignorabat
1133 1745 1161 1794 15

71 1845 104 1886 se
118 1825 158 1885 ad
172 1819 407 1883 crudelissimum
421 1819 539 1878 hostem
553 1828 583 1878 et
596 1818 636 1879 ad
651 1819 795 1894 exquisita
806 1820 950 1897 supplicia
963 1820 1119 1897 proficisci,

194 1999 197 2005 .
320 1918 374 1977 sed
392 1915 613 1975 iusiurandum
632 1917 868 1976 conservandum
887 1897 1041 1998 putabat]
1062 1921 1121 1979 Ita·

69 1999 282 2102 brffiggfflgfflg
321 2030 380 2087 que
394 2021 466 2084 tum,
482 2030 552 2070 cum
565 2009 717 2087 vigilando
736 2012 904 2085 necabatur,
920 2023 982 2072 erat
995 2012 1026 2072 in
1039 2013 1121 2074 meli-

70 2099 240 2202 {sseggffiffoel
256 2096 283 2138 ⁰f
321 2126 371 2167 ore
387 2126 476 2166 causa
486 2125 576 2184 quam
592 2105 616 2166 si
630 2105 715 2168 domi
729 2126 820 2167 senex
834 2107 974 2183 captivus,
987 2108 1119 2186 periurus

321 2202 481 2264 consularis
492 2201 686 2264 remansisset.
691 2195 798 2275 Jror·
822 2206 876 2263 ‘At
885 2207 983 2278 stulte,
995 2205 1045 2282 qui
1056 2225 1116 2266 non
1131 2231 1161 2265 20

97 2251 134 2291 He
162 2261 206 2289 was
227 2245 280 2288 sool·

69 2301 143 2392 gluto
158 2298 281 2389 ἓξὲξ-1113
318 2300 411 2361 modo
422 2319 483 2359 non
494 2298 641 2360 censuerit
655 2298 786 2376 captivos
801 2300 1004 2376 remittendos,
1014 2323 1116 2364 verum

68 2360 278 2494 {jrigglsswnhr
314 2395 405 2456 etiam
420 2393 608 2455 dissuaserit!
644 2395 713 2469 Quo
727 2397 821 2456 modo
835 2398 945 2459 stulte?
979 2398 1115 2474 etiamne,

112 2555 241 2601 Answeri
320 2492 346 2552 si
359 2492 402 2553 rei
415 2491 551 2568 publicae
570 2491 775 2553 conducebat?
795 2505 893 2570 potest
912 2506 1019 2570 autem,
1035 2497 1117 2572 quod

69 2649 117 2690 Not
129 2649 149 2689 if
158 2647 193 2688 his
206 2645 281 2687 advice
320 2589 423 2651 inutile
434 2589 624 2666 reipublicae
636 2589 681 2663 sit,
692 2588 871 2666 idcuiquam
882 2591 939 2651 civi
952 2593 1023 2654 utile
1034 2599 1127 2658 esse?.
1151 2550 1159 2639 i

10 2701 55 2751 111
69 2697 279 2747 wassortherublic
380 2688 555 2747 Pervertunt
589 2687 725 2749 homines
760 2707 804 2762 ea,
841 2707 917 2764 quae
952 2701 1020 2750 sunt
1054 2694 1117 2752 fun.
1130 2711 1159 2760 ,5

68 2748 279 2852 ffiePFriiiiriii
317 2782 458 2843 <lamenta
492 2792 623 2855 naturae,
659 2800 728 2842 cum
749 2782 906 2844 utilitatem
941 2787 978 2845 ab
1012 2788 1118 2849 hones-

67 2847 280 2991 ffiiqsiiiiiiiqijiiisi
317 2890 378 2940 tate
398 2879 563 2955 seiungunt.
607 2880 722 2940 Omnes
750 2880 830 2939 enirn
856 2883 1022 2959 expetimus
1042 2886 1116 2948 utili·

67 2958 279 3051 {bilihardi
320 2987 412 3036 tatem
440 2977 479 3036 ad
508 2994 634 3052 eamque
665 2975 794 3052 rapimur
822 2998 879 3039 nec
906 2981 1007 3043 facere·
1032 2983 1116 3044 aliter

68 3079 130 3137 ullo
159 3075 252 3134 modo
280 3065 469 3165 possumus]
488 3075 568 3132 Nam
595 3069 661 3149 quis
689 3084 734 3134 est
761 3074 813 3151 qui
840 3075 923 3136 utilia
942 3077 1042 3156 fugiat,
1065 3093 1116 3142 aut

68 3173 134 3252 quis
154 3171 254 3249 potius
276 3169 327 3247 qui
348 3189 383 3230 ea
403 3188 465 3230 non
485 3168 700 3230 studiosissime
720 3172 930 3248 persequatur?
970 3177 1029 3236 Sed
1047 3178 1117 3253 quia
1130 3196 1161 3244 30

69 3288 218 3347 nusquam
232 3285 391 3360 possumus
404 3265 460 3325 nisi
475 3265 506 3325 in
524 3267 621 3338 laude,
636 3266 753 3340 decore,
769 3267 924 3331 honestate
938 3271 1022 3332 utilia
1034 3293 1117 3350 repe-

68 3368 133 3436 rire,
147 3375 306 3444 propterea
324 3363 374 3422 illa
392 3361 487 3439 prima
506 3372 536 3422 et
555 3380 671 3422 summa
689 3363 841 3438 habemus
858 3366 990 3429 utilitatis
1003 3389 1115 3430 nomen

69 3485 130 3525 non
144 3475 206 3524 tam
220 3459 410 3539 splendidum
424 3479 515 3536 quarn
529 3459 727 3519 necessarium
742 3456 997 3528 ducimusdroa.
1022 3465 1116 3541 ‘Quid

95 3607 254 3660 objectionis
321 3567 366 3617 est
386 3553 484 3634 igitur'
507 3555 611 3616 dixerit
632 3556 698 3634 quis
721 3557 764 3618 ‘in
785 3557 1010 3622 iureiurando?
1044 3581 1115 3621 num

94 3674 282 3724 mereanourng
319 3653 425 3714 iratum
439 3653 576 3713 timemus
586 3653 714 3716 lovem?
753 3658 795 3715 At
814 3657 874 3716 hoc
895 3656 1016 3734 quidem
1037 3679 1115 3720 com·
1129 3678 1158 3727 35

69 3725 282 3818 {lsslriri‘alrlibli
319 3767 414 3809 mune.
431 3759 475 3810 est
497 3748 630 3809 omnium
653 3750 907 3827 philosophorum,
929 3773 992 3814 non
1012 3773 1115 3815 eorum

70 3825 235 3928 ¹3²,d,{,⁰J„{Z{,
243 3825 291 3916 {¹15
318 3846 419 3920 modo,
448 3846 498 3924 qui
527 3847 616 3908 deum
645 3847 719 3910 nihil
745 3849 858 3913 habere
883 3850 987 3933 ipsum
1010 3853 1133 3931 negotis

983 3989 1068 4047 9-2
