2512 4192
163 195 219 266 138
378 193 429 250 De
446 194 613 252 contentione
631 193 758 252 Honesti
773 200 800 252 et
826 194 914 253 Utilis
954 190 1021 275 [111
1030 199 1199 256 xxx111118

411 364 505 421 multa
524 362 624 422 multis
646 362 727 435 locis,
750 364 804 423 sed
827 382 905 439 aqua
927 365 1038 437 haeret,
1061 381 1094 424 ut
1118 367 1202 428 aiunt.

185 468 204 506 3·
229 452 330 545 ξξςᾞὲθῐ·
412 461 491 518 Nam
505 459 556 536 qui
570 471 667 537 potest
681 459 953 536 temperantiam
974 463 1097 524 laudare
1112 463 1145 538 is,
1158 465 1205 542 qui

412 568 504 634 ponat
518 576 666 617 summum
679 557 792 618 bonum
802 556 832 616 in
845 559 1021 634 voluptate?
1064 562 1119 620 Est
1132 561 1206 621 enim

160 652 354 729 temperantia
380 653 537 713 libidinum
571 653 699 720 inimica,
727 654 865 714 libidines
893 667 995 715 autem
1023 657 1207 718 consectatri-
1248 714 1252 724 ,

159 770 209 810 ces
237 749 401 827 voluptatis
448 753 512 811 118.
543 753 644 828 Atque
671 751 702 809 in
729 751 775 810 his
803 761 904 811 tamen
933 752 1028 812 tribus
1052 753 1204 831 generibus
1229 774 1240 824 5

160 866 282 924 quoquo
316 849 408 908 modo
441 859 567 925 possunt
593 867 655 908 non
682 847 820 908 incallide
848 846 1087 924 tergiversantur.
1144 854 1208 912 Pru·

159 944 292 1004 dentiam
313 930 503 1004 introducunt
523 944 677 1004 scientiam
698 944 940 1022 suppeditantem
964 948 1143 1024 voluptates,
1163 949 1208 1009 de-

160 1041 320 1116 pellentem
347 1041 472 1100 dolores.
521 1039 737 1100 Fortitudinem
765 1059 885 1117 quoque
912 1040 1016 1117 aliquo
1043 1045 1137 1105 modo
1164 1063 1207 1104 ex-

159 1134 291 1211 pediunt,
321 1154 388 1193 cum
416 1135 535 1195 tradunt
562 1135 706 1195 rationem
741 1136 941 1212 neglegendae
969 1137 1085 1213 mortis,
1113 1159 1209 1217 perpe·

160 1232 253 1291 tiendi
272 1234 390 1293 doloris.
435 1232 533 1292 Etiam
556 1231 782 1308 temperantiam
809 1232 955 1293 inducunt
982 1253 1046 1294 non
1074 1237 1207 1296 facillime
1220 1258 1241 1292 n

160 1330 202 1389 illi
221 1330 353 1405 quidem,
374 1331 428 1390 sed
447 1341 549 1389 tamen
566 1349 689 1406 quoquo
706 1330 798 1389 modo
819 1340 952 1406 possunt
998 1330 1116 1393 Dicunt
1133 1333 1207 1393 enim

159 1430 318 1506 voluptatis
334 1429 570 1508 magnitudinem
591 1429 701 1489 doloris
723 1428 906 1490 detractione
927 1429 1013 1490 finiri.
1067 1432 1208 1492 Iustitia

410 1527 526 1588 vacillat
547 1528 595 1587 vel
615 1525 692 1586 iacet
712 1526 811 1603 potius
832 1545 998 1603 omnesque
1013 1546 1068 1588 eae
1082 1529 1205 1602 virtutes,

411 1645 488 1702 quae
515 1623 546 1683 in
573 1624 789 1683 communitate
817 1635 978 1683 cernuntur
1004 1637 1036 1685 et
1063 1625 1096 1685 in
1123 1626 1208 1688 socie·

159 1735 220 1783 tate
237 1723 352 1801 generis
370 1721 500 1783 humani.
544 1724 652 1798 Neque
671 1721 752 1780 enim
773 1720 891 1781 bonitas
908 1741 965 1782 nec
981 1721 1143 1785 liberalitas
1155 1745 1206 1786 nec
1219 1739 1239 1789 ¹⁵

159 1821 283 1881 comitas
304 1841 368 1881 esse
389 1830 496 1897 potest,
516 1838 578 1878 non
597 1821 771 1895 plusquam
790 1818 927 1891 amicitia,
943 1819 968 1880 si
987 1821 1064 1882 haec
1082 1842 1144 1883 non
1159 1842 1208 1900 per

160 1940 191 1980 se
206 1930 387 1997 expetantur,
403 1919 457 1978 sed
471 1918 511 1977 ad
524 1919 706 1993 voluptatem
720 1915 912 1977 utilitatemve
926 1919 1097 1980 reserantur.
1133 1921 1207 1982 Con·

159 2019 287 2076 ieramus
302 2015 389 2093 igitur
406 2013 437 2072 in
451 2033 552 2090 pauca
600 2033 665 2090 119.
697 2015 777 2073 Nam
791 2024 824 2073 ut
843 2013 1001 2075 utilitatem
1019 2019 1132 2077 nullam
1146 2037 1206 2078 esse

159 2114 315 2174 docuimus
329 2131 406 2189 quae
420 2111 568 2172 honestati
577 2123 654 2171 esset
668 2112 822 2186 contraria,
836 2111 878 2172 sic
892 2132 1015 2174 ornnem
1027 2116 1206 2193 voluptatem

160 2212 285 2272 dicimus
299 2209 446 2271 honestati
460 2229 524 2270 esse
538 2209 721 2270 contrariam.
759 2212 827 2286 Quo
841 2210 934 2288 magis
947 2214 1206 2288 reprehendendos
1217 2238 1241 2272 n

160 2309 369 2385 Calliphonem
387 2319 416 2368 et
437 2306 659 2366 Dinomachum
678 2307 786 2381 iudico,
802 2307 854 2385 qui
870 2328 902 2368 se
921 2309 1121 2387 dirempturos
1141 2331 1205 2372 con-

185 2461 201 2500 F
227 2461 239 2500 ‚l
265 2460 287 2500 th
365 2459 375 2500 f
410 2403 581 2463 troversiam
598 2415 784 2480 putaverunt,
800 2405 825 2464 si
843 2423 913 2464 cum
932 2405 1094 2467 honestate
1109 2411 1206 2484 volup

158 2470 374 2552 cariiiiouwiid
410 2511 503 2560 tatem
530 2511 684 2577 tamquam
705 2520 775 2561 cum
802 2500 923 2562 homine
948 2505 1100 2579 pecudem
1121 2525 1206 2582 copu-

158 2572 317 2603 ⁰¹N⁰MAOE⁰⁵‘
411 2596 556 2658 lavissent
611 2600 683 2658 Non
710 2597 814 2675 recipit
844 2598 932 2658 istam
959 2601 1204 2676 conjunctionem

157 2693 305 2766 honestas,
329 2705 509 2770 aspernatur,
537 2694 659 2771 repellit.
703 2697 770 2754 Nec
796 2714 867 2755 vero
894 2696 962 2756 finis
990 2697 1139 2758 bonorum
1168 2697 1205 2780 [et
1216 2720 1238 2770 τε

157 2789 322 2871 malorum],
333 2790 384 2867 qui
398 2791 523 2868 simplex
537 2811 602 2851 esse
616 2791 715 2864 debet,
727 2810 763 2851 ex
777 2790 981 2853 dissimillimis
995 2795 1086 2856 rebus
1094 2795 1205 2856 misceri

157 2898 187 2947 et
201 2887 355 2964 temperari
369 2898 474 2963 potest.
521 2907 584 2945 120.
615 2887 675 2947 Sed
690 2888 727 2947 de
742 2887 949 2963 hoc-magna
963 2888 1046 2949 enim
1060 2910 1107 2951 res
1125 2904 1204 2953 est—

157 2983 215 3042 alio
236 2985 303 3043 loco
324 2983 464 3059 pluribus.
501 2986 591 3043 Nunc
611 2985 651 3043 ad
671 2983 863 3060 propositum.
902 2986 1002 3060 Quem
1023 2989 1065 3048 ad
1085 2990 1204 3049 modum

157 3079 251 3156 igitur,
267 3079 292 3138 si
312 3080 433 3155 quando
453 3099 497 3154 ea,
515 3099 592 3156 quae
612 3080 728 3140 videtur
747 3079 865 3153 utilitas,
883 3080 1035 3143 honestati
1055 3095 1202 3162 repugnat,

158 3176 349 3235 diiudicanda
372 3197 418 3236 res
442 3177 487 3251 sit,
514 3177 584 3236 satis
611 3187 656 3237 est
681 3195 769 3254 supra
796 3177 986 3254 disputatum.
1029 3180 1083 3242 Sin
1110 3193 1239 3256 autem3o

158 3273 287 3350 speciem
301 3272 431 3333 utilitatis
442 3273 530 3334 etiam
540 3275 676 3351 voluptas
685 3275 793 3334 habere
808 3273 930 3348 dicetur,
942 3276 1025 3334 nulla
1035 3288 1204 3353 potestesse

158 3369 186 3428 ei
200 3389 269 3428 curn
283 3369 437 3428 honestate
452 3368 631 3428 coniunctio.
665 3370 750 3440 Nam,
759 3379 792 3427 ut
805 3367 968 3429 tribuamus
982 3371 1099 3448 aliquid
1108 3376 1205 3450 volup

159 3465 219 3538 tati,
235 3464 418 3526 condimenti
431 3466 554 3526 fortasse
568 3463 712 3539 nonnihil,
727 3464 859 3525 utilitatis
873 3478 953 3527 certe
967 3466 1044 3528 nihil
1058 3470 1183 3532 habebit

184 1604 203 1638 4.
218 1589 306 1640 Justice.

472 3582 535 3622 121.
573 3564 679 3622 Habes
693 3581 712 3622 a
724 3573 807 3639 patre
821 3582 938 3637 munuS,
955 3565 1061 3626 Marce
1074 3566 1124 3648 fili,
1139 3586 1203 3627 mea

159 3623 317 3667 Conclusam.
453 3658 459 3671 .
677 3659 683 3672 .
1048 3661 1054 3674 .
1174 3664 1180 3676 .

409 3661 531 3736 quidem
559 3670 704 3720 sententia
731 3679 881 3739 magnum,
910 3661 965 3723 sed
992 3664 1116 3740 perinde
1142 3676 1235 3736 entss

207 3812 220 3846 a
224 3813 237 3860 5
249 3796 321 3845 verda
333 3797 488 3847 etmalorum
500 3798 558 3849 delet
569 3799 684 3847 nonnus
693 3815 748 3847 vor.
758 3799 808 3847 lect.
817 3811 877 3850 xrv.
886 3815 908 3865 3,
922 3801 1118 3853 seclusnnntssa
1128 3803 1203 3854 Iloine

145 3878 210 3930 dolet
215 3882 329 3933 [neunt
339 3881 433 3934 dnobus
445 3881 511 3935 codd.
551 3884 563 3941 ll
600 3898 630 3948 31
647 3880 738 3932 <licitur
753 3880 832 3930 Heine
