2512 4192
117 177 133 230 6
390 171 508 230 Diuisio
526 170 704 228 tractationis
724 170 892 246 quintuplex
1047 168 1076 252 [1
1093 175 1164 231 1118

142 376 328 426 Examplesotthe
367 335 405 394 ris
426 334 513 393 huius
532 333 615 393 modi
632 344 701 393 sunt
718 335 875 408 exempla3
904 332 1044 394 omniane
1069 334 1165 394 officia

115 426 257 468 s⁰¹¹¹¹⁶¹k¹¹¹sl
366 433 496 508 perfecta
509 429 576 502 sint,
588 450 660 488 num
672 431 755 505 quod
764 429 893 490 officium
903 430 984 490 aliud
997 431 1057 491 alio
1071 430 1165 491 maius

116 531 161 605 sit,
176 543 205 591 et
226 550 302 608 quae
324 538 392 588 sunt
408 525 523 603 generis
541 525 681 586 eiusdem.
727 527 864 600 Quorum
882 538 982 585 autem
1001 528 1164 587 officiorum

290 698 295 708 ῃ
365 634 523 699 praecepta
537 623 697 695 traduntur,
714 641 750 681 ea
769 642 950 698 quamquam
964 623 1114 698 pertinent
1127 626 1164 685 ad

115 698 328 809 eniellssssssffll‘l‘gss‘l
365 723 456 780 finem
477 721 631 792 bonorum,
648 731 749 779 tamen
770 719 870 779 minus
891 720 923 779 id
944 732 1075 797 apparet,
1097 723 1166 798 quia
1190 756 1200 801 5

114 813 161 842 ⁵²¹¹*
170 813 263 851 ‘muli‘
366 817 458 894 magis
472 817 511 876 ad
525 815 739 876 institutionem
754 816 831 876 vitae
846 816 1013 876 communis
1033 830 1164 894 spectare

115 920 267 978 videntur:
288 915 448 990 dequibus
464 924 508 972 est
521 913 608 972 nobis
622 912 668 972 his
682 912 763 971 libris
779 913 997 988 explicandum.
1044 917 1071 973 8.
1114 918 1166 976 At-

140 1049 329 1092 Anotheratviston
370 1029 428 1086 que
449 1009 538 1068 etiam
559 1009 617 1067 alia
637 1008 743 1068 divisio
764 1020 808 1068 est
830 1007 939 1069 officii:
959 1029 1031 1069 nam
1055 1021 1086 1071 et
1107 1031 1166 1071 me·

115 1101 329 1202 ξέιὲζὲῐξζξὲξζῗ
368 1108 452 1168 dium
474 1109 627 1183 quoddam
650 1106 780 1166 officium
803 1106 908 1166 dicitur
935 1118 965 1167 et
992 1111 1163 1183 perfectum.

107 1208 178 1252 ΜΛ·
370 1207 539 1265 Perfectum
566 1204 696 1264 officium
718 1215 852 1264 rectum
880 1203 987 1281 opinor
1013 1226 1164 1280 vocemus,
1179 1238 1204 1272 10

117 1301 257 1380 quoniam
268 1303 373 1363 Graeci
383 1302 554 1378 κατόρθωμα,
564 1305 622 1363 hoc
629 1313 729 1362 autem
738 1322 895 1363 commune
905 1304 1034 1364 officium
1044 1304 1165 1380 καθῆκον

116 1418 231 1467 vocant.
261 1410 360 1481 Atque
374 1427 410 1466 ea
424 1405 466 1466 sic
480 1407 633 1473 definiunt,
648 1417 688 1479 ut,
704 1419 817 1466 rectum
832 1408 913 1483 quod
928 1408 972 1481 sit,
988 1408 1019 1468 id
1034 1409 1163 1470 officium

116 1512 280 1586 perfectum
292 1528 355 1568 esse
366 1509 522 1584 definiant;
540 1510 672 1569 medium
684 1520 782 1569 autem
793 1509 922 1570 officium
933 1511 965 1572 id
976 1531 1041 1573 esse
1050 1511 1161 1584 dicunt,

116 1617 199 1691 quod
212 1635 264 1674 cur
277 1618 387 1675 sactum
403 1615 438 1675 sit
453 1615 526 1675 ratio
540 1615 700 1693 probabilis
714 1615 798 1675 reddi
812 1615 914 1692 possit.

143 1765 329 1806 riuenusmade
429 1730 453 1786 9.
497 1710 618 1786 Triplex
637 1710 723 1787 igitur
743 1723 795 1782 est,
819 1722 850 1769 ut
872 1711 1014 1772 Panaetio
1041 1712 1165 1786 videtur,
1182 1744 1204 1789 ¹5

116 1816 155 1906 iii
168 1817 233 1906 &trees
243 1817 329 1906 {effi
368 1807 482 1868 consilii
493 1807 630 1884 capiendi
640 1808 818 1869 deliberatio.
843 1811 922 1868 Nam
934 1821 983 1868 aut
997 1811 1167 1869 honestum—

116 1881 328 2008 {iiiiiimiiiffl'
367 1927 405 1966 ne
419 1906 549 1976 factusit
563 1926 601 1965 an
615 1917 700 1983 turpe
715 1908 853 1968 dubitant
866 1907 907 1980 id,
918 1909 1001 1984 quod
1015 1907 1047 1966 in
1058 1908 1167 1969 delibe

286 1999 290 2007 ’
366 2002 510 2062 rationem
524 2001 604 2062 cadit
613 2024 622 2076 ;
642 2001 673 2061 in
683 2023 743 2079 quo
752 2003 968 2064 considerando
978 2022 1067 2080 saepe
1075 2002 1166 2063 animi

88 2110 104 2157 ii
117 2099 148 2157 in
163 2099 321 2159 contrarias
340 2100 500 2159 sententias
521 2099 728 2160 distrahuntur.
772 2105 852 2160 Tum
873 2113 972 2160 autem
993 2113 1044 2160 aut
1064 2101 1166 2178 anqui-

117 2206 185 2253 runt
201 2206 252 2254 aut
271 2197 439 2255 consultant
463 2196 501 2254 ad
520 2194 597 2254 vitae
618 2197 862 2256 commoditatem
880 2195 1163 2274 iucunditatemque,
1178 2219 1205 2252 20

117 2297 155 2353 ad
173 2297 324 2353 facultates
343 2314 439 2352 rerum
459 2304 549 2370 atque
565 2292 675 2370 copias
693 2295 732 2353 ad
748 2313 820 2370 opes
849 2293 887 2352 ad
908 2292 1084 2369 potentiam,
1103 2293 1166 2369 qui·

117 2395 172 2452 bus
194 2404 223 2452 et
244 2414 276 2452 se
297 2392 411 2469 possint
430 2391 530 2452 iuvare
550 2403 581 2451 et
601 2412 678 2463 suos,
700 2394 849 2451 conducat
869 2390 901 2451 id
922 2409 1027 2465 necne,
1046 2393 1086 2451 de
1104 2411 1164 2467 quo

117 2491 300 2550 deliberant:
322 2510 398 2565 quae
413 2488 585 2550 deliberatio
600 2488 696 2547 omnis
711 2487 742 2547 in
760 2488 904 2548 rationem
925 2486 1058 2548 utilitatis
1075 2487 1162 2548 cadit.

80 2598 106 2646 iii
117 2587 250 2647 Tertium
265 2586 420 2646 dubitandi
429 2606 521 2663 genus
536 2597 588 2660 est,
599 2606 668 2645 cum
682 2606 811 2662 pugnare
825 2585 942 2645 videtur
954 2605 1024 2645 cum
1037 2589 1164 2647 honesto

117 2687 157 2760 id,
175 2687 257 2763 quod
272 2684 388 2743 videtur
409 2703 472 2742 esse
493 2683 573 2744 utile.
617 2685 695 2743 Cum
716 2683 797 2742 enim
817 2683 926 2743 utilitas
945 2685 984 2743 ad
1002 2704 1036 2744 se
1052 2705 1163 2763 rapere,
1176 2714 1203 2762 ²5

116 2782 256 2840 honestas
277 2790 380 2838 contra
399 2799 537 2838 revocare
557 2779 595 2837 ad
617 2798 649 2837 se
676 2779 799 2852 videtur,
820 2781 853 2838 fit
874 2790 907 2837 ut
934 2778 1113 2841 distrahatur
1133 2781 1163 2840 in

118 2879 311 2938 deliberando
346 2877 462 2936 animus
490 2877 661 2952 adferatque
688 2876 847 2953 ancipitem
876 2896 976 2936 curam
1003 2877 1161 2954 cogitandi.

121 2993 165 3030 10.
209 2975 278 3030 Hac
292 2972 446 3045 divisione,
461 2991 528 3030 cum
542 2971 698 3047 praeterire
712 2971 824 3048 aliquid
838 2972 1000 3031 maximum
1012 2974 1119 3034 vitium
1132 2973 1163 3035 in

117 3069 279 3128 dividendo
293 3068 338 3141 sit,
352 3071 413 3129 duo
427 3067 631 3144 praetermissa
646 3077 722 3127 sunt.
767 3071 833 3127 Nec
849 3067 929 3127 enim
948 3071 1045 3128 solum
1066 3082 1163 3131 utrum

116 3168 274 3224 honestum
288 3185 326 3222 an
347 3174 432 3240 turpe
451 3164 489 3223 sit
507 3163 662 3224 deliberari
683 3166 767 3236 solet,
781 3165 834 3224 sed
853 3163 942 3223 etiam
949 3166 1080 3264 lduobus
1097 3186 1163 3244 pro·
1175 3201 1202 3248 30

79 3280 104 3326 iv
116 3263 219 3340 positis
240 3261 493 3352 honestis'utrum
520 3259 681 3332 honestius
704 3260 836 3338 itemque
862 3261 980 3320 duobus
1004 3261 1162 3339 propositis

89 3387 104 3416 v
118 3360 236 3420 utilibus
261 3368 359 3417 utrum
386 3357 492 3416 utilius.
536 3359 592 3431 Ita,
616 3377 705 3434 quam
727 3357 776 3418 ille
797 3356 941 3434 triplicem
962 3359 1078 3435 putavit
1098 3378 1162 3420 esse

163 3557 172 3590 1
186 3541 300 3604 exempla
311 3540 387 3601 [sunt]
403 3541 440 3589 Or
452 3545 461 3598 ΙΙ
482 3555 495 3588 2
508 3541 629 3605 numquid
644 3542 681 3590 Or
694 3546 703 3599 ll
719 3556 732 3603 3
745 3558 807 3606 quae
819 3549 902 3591 autem
913 3543 993 3591 Heriu
1001 3549 1087 3592 contra
1096 3543 1160 3592 codd.

118 3630 228 3685 7atque
255 3622 434 3670 etiam—reddi
452 3622 529 3685 possit
545 3623 616 3670 uncis
635 3623 691 3670 incl.
711 3624 759 3682 Ba,
779 3624 860 3671 Heine
894 3626 904 3680 11
948 3637 974 3671 11
993 3624 1063 3687 quod
1074 3623 1160 3674 Graeci

120 3705 157 3753 Or
165 3711 250 3751 cantra
261 3704 324 3752 codd.
354 3708 363 3760 ΙΙ
397 3718 421 3750 rt
434 3719 565 3753 commune
573 3705 680 3752 officium
692 3705 795 3762 καθῆκον
807 3712 896 3752 vocant
907 3705 986 3753 Heme
996 3706 1027 3753 St
1032 3711 1163 3768 praeeunte

115 3786 233 3844 Peorcio,·
249 3785 377 3847 [officium]
389 3785 491 3846 καθῆκον
502 3793 591 3835 vocant
605 3785 641 3833 Or
653 3790 663 3844 ll
702 3785 731 3835 16
746 3794 848 3836 autom.
865 3788 903 3835 Or
926 3791 935 3845 {l
968 3790 998 3837 28
1014 3788 1045 3836 In
1059 3787 1106 3837 hac
1120 3788 1159 3836 Ba

103 3867 188 3914 lla'm
