2512 4192
74 94 172 152 Ixuv
190 91 258 174 160]
413 96 605 154 Honesturum
625 97 797 171 comparatio
1088 110 1124 170 57

71 260 191 352 &ruffi
202 261 291 354 iffi
327 261 457 335 humani,
486 262 611 338 attingat
632 261 835 338 cognitionem
863 281 969 334 rerum,
996 262 1126 339 solivaga

191 343 197 363 .

71 361 172 462 ζξοᾝξ
184 364 297 456 didisti-²>
329 358 459 434 cognitio
473 369 503 420 et
517 357 615 419 ieiuna
625 357 766 428 videatur,
804 358 935 434 itemque
949 358 1124 434 magnitudo

71 464 194 506 manweat
328 455 428 529 animi,
455 467 570 517 semota
609 454 823 515 communitate
854 455 1124 534 coniunctioneque

71 545 215 622 humana,
235 550 334 611 feritas
354 552 391 612 sit
412 554 560 629 quaedam
581 562 610 614 et
631 551 807 612 immanitas
851 553 899 610 Ita
918 553 951 612 fit
971 563 1004 611 ut
1025 552 1124 613 vincat

10 643 13 646 ’
70 646 254 723 cognitionis
275 650 406 711 studium
426 650 609 711 consociatio
628 649 785 712 hominum
805 660 894 724 atque
915 649 1119 710 communitas.
1154 671 1167 719 5

97 773 287 827 mmm,
329 749 394 824 158.
437 750 504 808 Nec
523 768 625 809 verum
647 757 691 808 est
729 747 811 822 quod
833 744 942 806 dicitur
964 766 983 805 a
1006 745 1124 822 quibus-

71 827 289 924 ’δζῗῖζὲὴζΐῑξὴξ
326 845 405 917 darn,
424 855 545 921 propter
562 845 769 905 necessitatem
790 841 877 914 vitae,
895 843 978 918 quod
995 860 1122 918 eaquae

71 925 135 976 ΨΥ·
324 952 428 1001 natura
457 941 645 1012 desideraret,
664 937 808 1015 consequi
838 938 903 998 siue
933 938 997 997 aliis
1032 950 1121 1016 atque

71 1032 190 1094 efficere
218 1055 280 1096 non
306 1057 471 1114 possemus,
501 1037 612 1097 idcirco
640 1037 743 1096 initam
766 1054 831 1095 esse
856 1054 924 1094 cum
952 1035 1122 1095 hominibus

70 1132 318 1193 communitatem
339 1145 369 1194 et
389 1133 571 1194 societatem.
614 1133 731 1208 Quodsi
753 1131 853 1192 omnia
871 1131 959 1191 uobis
981 1151 1059 1208 quae
1082 1135 1121 1192 ad
1137 1154 1167 1188 10

70 1225 184 1286 victum
207 1230 379 1306 cultumque
402 1230 560 1307 pertinent,
585 1230 669 1306 quasi
693 1229 806 1306 virgula
833 1227 942 1299 divina,
973 1239 1006 1287 ut
1028 1228 1118 1301 aiunt,

71 1324 339 1401 suppeditarentur,
361 1338 425 1387 tum
446 1327 560 1403 optimo
585 1326 709 1402 quisque
737 1324 855 1401 ingenio
884 1325 1008 1401 negotiis
1029 1325 1122 1385 omni-

71 1421 127 1480 bus
141 1421 260 1482 omissis
273 1411 369 1482 totuin
384 1442 415 1483 se
430 1423 461 1482 in
476 1423 645 1500 cognitione
659 1433 689 1482 et
710 1421 832 1482 scientia
848 1423 1013 1482 collocaret.
1049 1424 1120 1481 Non

70 1529 115 1578 est
129 1518 179 1578 ita
223 1521 303 1578 Nam
317 1529 346 1579 et
361 1520 552 1581 solitudinem
574 1510 686 1598 fugeret
707 1530 737 1583 et
758 1518 872 1580 socium
892 1517 980 1579 studii
1001 1535 1120 1594 quaere-

69 1624 211 1688 ret,‚tum
230 1617 337 1676 docere
369 1627 434 1676 tum
457 1617 569 1677 discere
590 1619 688 1689 vellet,
706 1627 770 1675 tum
792 1615 894 1674 audire
925 1625 988 1674 tum
1010 1619 1116 1675 dicere.
1135 1635 1162 1680 15

71 1715 149 1793 Ergo
172 1732 263 1773 omne
283 1712 421 1787 officium,
443 1716 525 1789 quod
546 1715 585 1774 ad
606 1712 847 1773 coniunctionem
867 1711 1022 1771 hominum
1037 1723 1066 1772 et
1080 1714 1118 1771 ad

70 1814 245 1876 societatem
266 1813 409 1872 tuendam
423 1813 510 1884 valet,
526 1812 769 1888 anteponendum
790 1820 835 1869 est
855 1809 897 1867 illi
918 1809 1023 1879 officio,
1037 1812 1119 1884 quod
1171 1810 1175 1821 '

11 1902 76 1987 LV,
93 1925 141 1967 rue
159 1924 285 1976 obligations
322 1907 491 1986 cognitione
520 1918 549 1968 et
572 1907 696 1968 scientia
716 1906 889 1966 continetur.
937 1924 1002 1983 159.
1038 1908 1117 1967 Illud

69 1975 284 2068 illffi‘iilduil
321 2005 442 2064 forsitan
466 2007 670 2082 quaerendum
693 2003 737 2077 sit,
760 2023 832 2062 num
856 2005 931 2062 haec
955 2005 1118 2063 communi·

69 2091 121 2120 ²⁰⁰⁹
129 2089 228 2128 compare
320 2112 373 2176 tas,
394 2121 470 2179 quae
494 2102 623 2162 maxime
647 2112 691 2160 est
715 2111 785 2178 apta
807 2111 939 2172 naturae,
968 2100 1005 2160 sit
1027 2101 1116 2162 etiam
1133 2123 1163 2157 20

69 2197 269 2259 moderationi
287 2199 511 2275 modestiaeque
526 2218 642 2275 semper
655 2199 871 2274 anteponenda
914 2199 985 2257 Non
999 2201 1107 2275 placet.

69 2299 143 2357 Sunt
161 2292 242 2357 enim
261 2297 406 2373 quaedam
426 2295 533 2372 partim
559 2295 601 2354 ita
626 2296 723 2368 foeda,
752 2294 862 2371 partim
896 2293 937 2353 ita
964 2295 1115 2371 flagitiosa,

69 2403 101 2451 ut
117 2411 156 2453 ea
174 2411 213 2452 ne
229 2393 449 2453 conservandae
466 2392 588 2469 quidem
608 2391 720 2468 patriae
741 2411 830 2450 eausa
850 2391 967 2468 sapiens
988 2394 1116 2453 facturus

69 2487 112 2548 sit
158 2490 205 2547 Ea
219 2488 396 2550 Posidonius
417 2488 535 2566 collegit
555 2490 709 2565 permulta,
730 2489 783 2548 sed
797 2487 838 2547 ita
852 2499 944 2548 taetra
959 2489 1115 2563 quaedam,

68 2583 109 2646 ita
129 2587 269 2659 obscena,
291 2596 323 2645 ut
344 2584 426 2646 dictu
447 2604 565 2662 quoque
585 2585 741 2645 videantur
760 2583 864 2660 turpia.
920 2586 1008 2644 Haec
1029 2584 1115 2661 igitur
1129 2610 1158 2658 25

69 2701 130 2744 uon
144 2681 286 2759 suscipiet
299 2681 342 2743 rei
360 2681 497 2760 publicae
512 2702 614 2756 causa3
635 2701 672 2741 ne
686 2681 865 2758 respublica
880 2680 1001 2757 quidem
1015 2701 1069 2758 pro
1083 2701 1116 2742 se

69 2778 178 2856 suscipi
198 2780 287 2840 volet.
329 2780 389 2840 Sed
409 2780 468 2839 hoc
488 2780 675 2840 commodius
696 2799 728 2840 se
749 2798 795 2839 res
816 2780 915 2850 habet,
944 2781 1026 2855 quod
1053 2800 1114 2841 non

68 2887 167 2952 potest
187 2874 322 2936 accidere
341 2886 467 2952 tempus,
488 2883 522 2934 ut
541 2872 653 2934 intersit
667 2873 709 2934 rei
722 2873 859 2951 publicae
880 2873 1039 2951 quicquam
1053 2874 1115 2937 illo

69 2993 133 3033 rum
147 2975 245 3033 facere
260 2972 432 3050 sapientem.
479 2975 543 3031 160.
596 2973 692 3047 Quare
707 2973 765 3031 hoc
779 2971 901 3048 quidem
915 2974 1052 3032 effectum
1067 2973 1112 3047 sit,

68 3072 99 3133 in
112 3069 218 3134 officiis
232 3069 396 3147 deligendis
410 3069 442 3128 id
455 3087 547 3147 genus
562 3067 724 3127 officiorum
740 3069 891 3141 excellere,
913 3070 994 3143 quod
1015 3079 1113 3130 tenea·
1126 3092 1158 3140 30

69 3182 115 3230 tur
132 3166 290 3231 hominum
310 3166 458 3228 societate.
502 3165 622 3226 Etenim
643 3164 844 3241 cognitionem
865 3167 1113 3246 prudentiamque

69 3278 206 3345 sequetur
219 3264 406 3326 considerata
426 3263 510 3323 actio.
540 3263 586 3322 Ita
605 3264 637 3321 fit
659 3273 690 3322 ut
712 3281 797 3338 agere
818 3263 1002 3324 considerate
1022 3265 1112 3342 pluris

70 3365 104 3424 sit
124 3382 216 3441 quam
242 3362 372 3440 cogitare
390 3362 558 3438 prudenter.
601 3361 702 3435 Atque
723 3361 797 3418 haec
817 3359 940 3434 quidem
961 3362 1110 3423 hactenus.

69 3461 235 3520 Patefactus
249 3459 329 3520 enim
343 3459 426 3518 locus
438 3467 482 3517 est
495 3455 567 3533 ipse,
578 3465 611 3514 ut
625 3458 686 3514 non
701 3454 819 3515 difficile
830 3456 865 3516 sit
882 3456 914 3515 in
929 3457 1112 3534 exquirendo

68 3557 163 3618 officio
183 3557 257 3634 quid
277 3555 384 3633 cuique
404 3555 442 3615 sit
461 3553 706 3631 praeponendum
727 3551 835 3612 videre.
879 3554 916 3612 In
930 3552 994 3629 ipsa
1012 3566 1111 3615 autem
1125 3569 1155 3621 35

112 3703 128 3752 3
143 3691 240 3736 remota
250 3700 265 3733 a
276 3683 453 3734 communitate
463 3684 504 3732 Ba
520 3684 601 3733 Hcine
615 3685 729 3748 Madvzg,
742 3693 837 3735 remota
847 3687 1023 3737 communitate
1034 3689 1107 3753 vulgo

70 3773 80 3825 l
114 3782 145 3832 29
160 3765 275 3816 effectum
291 3771 328 3813 est
344 3765 429 3824 Halm,
441 3764 526 3814 lla'm
558 3768 571 3824 ll
606 3778 636 3829 31
655 3769 748 3820 etenim
769 3770 1125 3839 cognitionem-prudenter

62 3842 490 3905 mmhlm'debm'cmsellleim
559 3841 563 3847 '
