2512 4192
176 158 214 228 78
621 160 672 220 De
685 162 780 237 gloria
1052 160 1100 246 [11
1116 182 1220 244 x1v49

174 321 329 383 admiratio
357 323 478 402 copiose
506 325 711 404 sapienterque
738 328 872 403 dicentis,
898 350 988 407 quem
1016 330 1069 408 qui
1097 332 1220 394 audiunt

173 419 341 497 intellegere
362 421 451 482 etiam
469 432 499 482 et
518 442 620 500 sapere
637 426 704 500 plus
723 445 810 502 quarn
829 438 943 487 ceteros
962 427 1149 488 arbitrantur.
1192 429 1219 490 si

172 535 242 576 vero
264 516 340 576 inest
362 515 393 577 in
415 517 547 579 oratione
568 518 660 580 mixta
680 522 826 582 modestia
845 522 980 598 gravitas,
1002 523 1079 584 nihil
1099 524 1220 586 admira·

172 610 259 672 bilius
286 613 348 674 fieri
374 627 472 692 potest
506 635 602 693 eoque
628 619 729 696 magis,
753 618 777 678 si
806 639 842 680 ea
868 631 936 680 sunt
963 621 995 681 in
1021 623 1218 684 adulescente

173 705 383 756 “ltdafllfnpfffi
421 733 468 791 49.
491 716 551 776 Sed
572 735 640 775 cum
661 716 719 776 sint
739 717 823 793 plura
841 735 995 776 causarum
1011 736 1131 794 genera,
1147 738 1219 796 quae
1244 747 1250 794 ρ

173 756 386 798 secutionandDe·

173 804 296 900 {32⁶¹}th
308 808 383 901 iiiiii
422 812 623 888 eloquentiam
647 811 823 886 desiderent,
846 812 989 889 multique
1011 813 1044 872 in
1066 825 1169 875 nostra
1189 835 1219 876 re

173 909 385 1010 :pgzeghhppeoqpffi
422 905 540 982 publica
562 907 766 967 adulescentes
791 917 821 966 et
844 907 926 983 apud
947 906 1062 966 iudices
1087 917 1119 967 et
1142 909 1219 986 apud

171 1009 384 1102 i⁸¹1{¹„⁵3,1¹,¹{b1{³⁵‘⁵
421 1006 565 1081 populum
586 1014 617 1064 et
636 1006 717 1082 apud
737 1016 872 1065 senatum
893 1005 1023 1066 dicendo
1041 1008 1163 1066 laudem
1178 1026 1219 1067 as

161 1102 259 1162 ‘enougn
423 1101 515 1161 secuti
543 1101 609 1175 sint,
634 1101 762 1160 maxima
789 1112 833 1161 est
857 1101 1012 1162 admiratio
1037 1103 1070 1162 in
1094 1103 1216 1176 iudiciis,

170 1213 294 1271 quorum
307 1196 381 1256 ratio
396 1197 506 1275 duplex
520 1209 571 1258 est.
605 1200 684 1258 Nam
699 1218 735 1258 ex
748 1198 936 1259 accusatione
950 1210 980 1259 et
994 1219 1033 1259 ex
1047 1200 1217 1261 defensione
1229 1228 1250 1264 rr

169 1303 293 1366 constat,
322 1313 446 1370 quarum
471 1294 527 1355 etsi
552 1294 729 1359 laudabilior
756 1306 801 1356 est
829 1296 972 1369 defensi0,
1001 1306 1104 1357 tamen
1132 1296 1216 1357 etiam

169 1388 316 1448 accusatio
337 1391 462 1466 probata
483 1410 624 1469 persaepe
644 1402 697 1452 est.
741 1391 812 1450 Dixi
830 1394 919 1469 paulo
942 1403 1011 1454 ante
1033 1395 1072 1454 de
1095 1396 1217 1456 Crasso:

169 1485 250 1546 idem
274 1485 343 1546 fecit
367 1488 542 1549 adulescens
567 1491 610 1548 Μ.
635 1488 790 1549 Antonius.
835 1489 935 1549 Etiam
959 1492 991 1550 P.
1014 1490 1140 1568 Sulpicii
1162 1493 1216 1553 elo·

168 1582 320 1658 quantiam
348 1582 497 1644 accusatio
524 1583 696 1657 inlustravit,
725 1604 794 1645 cum
825 1585 999 1645 seditiosum
1027 1597 1058 1646 et
1085 1586 1214 1648 inutilem

168 1678 272 1753 civem,
302 1682 335 1740 C.
366 1682 550 1755 Norbanum,
579 1682 611 1741 in
638 1681 782 1742 iudicium
809 1683 934 1742 vocavit.
988 1700 1036 1760 50.
1073 1685 1135 1744 Sed
1160 1686 1212 1744 hoc
1223 1712 1244 1762 1⁵

196 1843 201 1854 ,
247 1842 252 1854 ‚
420 1777 541 1854 quidem
561 1798 623 1838 non
640 1789 684 1838 est
701 1798 790 1856 saepe
809 1778 979 1840 faciendum
997 1799 1056 1840 nec
1075 1800 1211 1859 umquam

171 1843 380 1953 'iiiiiiciisiiiiiie'
419 1874 475 1934 nisi
495 1885 547 1935 aut
566 1876 608 1936 rei
626 1875 764 1953 publicae
780 1896 877 1949 causa,
891 1888 924 1937 ut
937 1877 958 1936 ii
973 1897 1049 1954 quos
1063 1890 1135 1941 ante
1148 1879 1210 1952 diri,

188 1953 311 1986 ‘mum'
419 1984 470 2034 aut
487 1974 658 2048 ulciscendi,
672 1986 705 2034 ut
725 1977 784 2035 duo
799 1975 923 2050 Luculli,
938 1987 990 2036 aut
1003 1978 1168 2054 patrocinii,
1180 1988 1210 2038 ut

168 2091 223 2132 nos
241 2091 295 2149 pro
314 2070 426 2144 Siculis,
440 2091 495 2148 pro
518 2072 616 2132 Sardis
637 2071 668 2132 in
689 2071 817 2132 Albucio
839 2072 941 2133 Iulius.
985 2076 1024 2133 In
1045 2076 1208 2135 accusando

167 2168 257 2229 etiam
273 2169 323 2227 Μ’.
340 2167 461 2245 Aquilio
476 2170 509 2227 L.
526 2167 603 2228 Fufii
621 2169 740 2246 cognita
758 2168 902 2229 industria
920 2180 973 2230 est.
1016 2162 1116 2232 Semel
1129 2170 1250 2250 igiturne,

167 2277 217 2325 aut
239 2285 299 2325 non
322 2284 411 2341 saepe
434 2275 531 2325 certe:
556 2264 601 2324 sin
623 2265 677 2326 erit
700 2265 748 2324 cui
770 2265 940 2326 faciendum
964 2265 1002 2326 sit
1022 2267 1150 2344 saepius,
1169 2265 1207 2327 rei

166 2345 302 2439 publicae
326 2362 434 2422 tribuat
459 2363 516 2422 hoc
540 2362 678 2434 muneris,
702 2362 786 2422 cuius
808 2362 944 2423 inimicos
968 2363 1073 2426 ulcisci
1097 2363 1206 2442 saepius

165 2481 226 2521 non
254 2471 299 2520 est
324 2459 615 2534 reprehendendum:
638 2459 744 2519 modus
760 2468 872 2522 ,tamen
899 2457 983 2521 adsit
1029 2460 1106 2521 Duri
1132 2460 1205 2522 enim

164 2556 292 2619 hominis
314 2557 362 2615 vel
384 2555 484 2631 potius
505 2555 554 2614 vix
573 2555 702 2616 hominis
722 2556 839 2616 videtur
858 2556 1022 2633 periculum
1044 2557 1149 2635 capitis
1167 2557 1206 2618 in·

164 2656 237 2714 serre
261 2652 368 2712 multis.
412 2653 451 2712 Id
474 2671 543 2710 cum
566 2651 765 2728 periculosum
788 2650 844 2729 ipsi
872 2661 925 2725 est,
950 2662 1017 2712 tum
1040 2653 1132 2713 etiam
1153 2671 1236 2727 sor-as

164 2751 268 2811 didum
291 2751 329 2808 ad
351 2750 459 2808 samam
486 2748 672 2808 committere
696 2758 729 2807 ut
753 2759 907 2808 accusator
929 2748 1103 2826 nominere;
1129 2751 1205 2829 quod

163 2847 286 2924 contigit
309 2849 351 2905 M.
375 2849 476 2919 Bruto,
499 2864 615 2905 summo
638 2864 746 2923 genere
769 2856 849 2919 nato,
871 2845 949 2905 illius
973 2846 1045 2920 filio,
1067 2847 1120 2925 qui
1141 2848 1204 2908 iuris

162 2944 254 3004 civilis
276 2942 409 3020 inprimis
426 2941 536 3020 peritus
550 2942 612 3002 fuit.
656 2959 702 3019 51.
725 2944 826 3019 Atque
840 2944 929 3002 etiam
942 2944 1001 3003 hoc
1019 2956 1204 3023 praeceptum

162 3040 249 3100 officii
271 3039 423 3116 diligenter
441 3039 602 3099 tenendum
624 3049 677 3111 est,
692 3056 731 3097 ne
752 3057 840 3114 quem
858 3057 1001 3115 umquam
1019 3039 1203 3102 innocentem

107 3142 108 3146 ’
161 3136 272 3197 iudicio
293 3134 397 3211 capitis
417 3154 546 3196 arcessas
555 3157 564 3210 ;
588 3135 620 3194 id
634 3134 712 3196 enirn
728 3134 792 3196 sine
809 3136 919 3195 scelere
935 3133 998 3195 fieri
1015 3137 1101 3198 nullo
1119 3147 1234 3215 pacton

160 3242 271 3309 potest.
315 3234 395 3290 Nam
418 3232 492 3309 quid
518 3243 563 3293 est
584 3243 646 3292 tam
667 3232 864 3292 inhumanum
888 3251 979 3309 quam
1006 3234 1201 3312 eloquentiam

160 3348 179 3388 a
200 3340 303 3389 natura
327 3329 514 3389 adsalutem
535 3329 692 3389 hominum
716 3339 746 3389 et
769 3329 808 3388 ad
832 3326 1089 3390 conservationem
1109 3331 1201 3391 datam

159 3427 199 3485 ad
221 3427 370 3485 bonorum
392 3436 508 3502 pestem
528 3425 750 3503 perniciemque
772 3428 966 3487 convertere?
1007 3428 1075 3487 Nec
1097 3438 1199 3499 tamen

160 3519 371 3621 ξὲῗζὲζὲξζῇζξξ
408 3534 443 3585 ut
464 3524 523 3586 hoc
544 3524 719 3602 fugiendum
740 3534 792 3596 est,
814 3522 886 3583 item
906 3533 952 3584 est
972 3523 1145 3587 habendum
1161 3540 1199 3585 re·

207 3739 374 3804 3modestiae
388 3739 472 3788 0ch
481 3755 536 3788 cum
548 3738 642 3804 aliquot
652 3739 717 3788 codd.
753 3742 763 3798 l
800 3745 856 3803 7et
867 3739 934 3805 apud
948 3740 1072 3809 populum
1086 3742 1197 3795 omum
1245 3766 1250 3777 ·

153 3823 218 3874 codd.
225 3829 331 3888 praeter
338 3823 416 3874 Bcrn.
430 3838 450 3872 c.
