2512 4192
61 169 228 252 11x1142]
512 171 668 246 agroru
747 152 749 156 ’
975 177 976 180 ‘
1072 184 1108 246 ts

61 337 254 417 aequabiliter
275 339 418 416 praedam
442 334 601 414 dispertiat,
625 347 676 397 aut
699 335 888 397 interficiatur
908 356 927 396 a
947 335 1035 397 sociis
1058 351 1110 398 aut

61 436 248 512 relinquatur.
293 433 374 508 Quin
391 432 481 493 etiam
498 433 577 509 leges
595 434 743 492 latronum
759 451 823 492 esse
842 432 987 506 dicuntur,
1003 432 1110 510 quibus

61 542 189 609 pareant,
209 550 283 607 quas
304 518 468 590 observent.
511 529 618 605 Itaque
639 538 758 604 propter
777 527 963 606 aequabilem
982 531 1109 606 praedae

61 627 250 705 partitionem
270 636 300 686 et
321 624 458 685 Bardulis
477 623 595 702 Illyrius
615 625 698 697 latm,
714 625 828 701 dequo
849 637 893 684 est
913 627 993 702 apud
1013 627 1109 688 Theo·

61 743 214 802 pompum,
243 741 365 800 magnas
397 740 470 798 opes
496 719 600 781 habuit
627 731 657 780 et
684 722 779 780 multo
806 721 932 782 maiores
959 722 1109 782 Viriathus
1138 739 1151 787 5

61 821 229 894 Lusitanus,
251 820 300 880 cui
320 818 443 896 quidem
464 817 554 878 etiam
575 817 719 878 exercitus
743 818 836 879 nostri
859 819 1109 897 imperatoresque
1207 810 1208 813 ¹

61 928 221 990 cesserunt,
244 935 335 992 quem
350 917 383 977 C.
401 914 528 989 Laelius,
550 913 575 974 is
595 914 647 991 qui
667 913 789 991 Sapiens
810 928 972 992 usurpatur,
993 928 1110 993 praetor

61 1013 147 1090 fregit
166 1024 197 1074 et
218 1010 394 1072 comminuit
415 1010 657 1087 ferocitatemque
676 1010 739 1071 eius
760 1010 801 1071 ita
818 1012 962 1088 repressit,
977 1023 1011 1072 ut
1024 1013 1109 1073 facile

61 1109 174 1171 bellum
194 1107 314 1186 reliquis
335 1108 470 1167 traderet.
513 1108 591 1168 Cum
611 1105 699 1184 igitur
718 1117 799 1167 tanta
811 1107 855 1166 vis
874 1107 999 1168 iustitiae
1017 1108 1061 1182 sit,
1077 1119 1109 1168 ut

61 1225 97 1268 ea
113 1204 207 1266 etiam
225 1207 373 1264 latronum
392 1222 463 1280 opes
477 1203 574 1264 firmet
587 1214 675 1280 atque
690 1214 803 1281 augeat,
818 1215 959 1281 quantam
973 1205 1036 1264 eius
1049 1204 1108 1264 vim
1124 1224 1153 1257 10

60 1299 137 1362 inter
155 1303 236 1380 leges
255 1311 285 1361 et
303 1298 414 1359 iudicia
432 1310 462 1359 et
479 1298 511 1358 in
525 1299 685 1359 constituta
698 1319 728 1359 re
742 1299 861 1376 publica
874 1302 935 1360 fore
950 1304 1109 1377 putamus?

315 1416 362 1470 41.
386 1394 464 1456 Mihi
485 1395 607 1472 quidem
631 1416 692 1464 non
716 1397 796 1472 apud
819 1398 928 1456 Medos
950 1399 1054 1471 solum,
1076 1409 1109 1459 ut

61 1476 131 1569 ᾖξ’
137 1477 276 1570 οξξζξζοΐῗξξ
313 1493 354 1554 ait
375 1495 558 1567 Herodotus,
574 1495 627 1554 sed
646 1492 735 1554 etiam
751 1494 831 1570 apud
845 1493 969 1553 maiores
984 1505 1108 1569 nostros,

61 1578 214 1681 ffifflioe
231 1580 275 1621 ²¹¹⁶
312 1588 440 1650 iustitiae
473 1589 614 1650 fruendae
646 1608 716 1648 caus
762 1588 899 1649 videntur
929 1589 1001 1650 olim
1031 1590 1109 1651 bene

313 1683 419 1744 morati
432 1703 515 1762 reges
535 1683 697 1743 constituti.
740 1686 819 1743 Nam
840 1704 909 1743 cum
929 1696 1109 1760 premeretur
1124 1703 1150 1751 15

61 1777 147 1857 inops
168 1779 329 1841 multitudo
350 1782 388 1841 ab
407 1780 450 1855 iis,
466 1780 518 1857 qui
538 1779 664 1841 maiores
685 1799 757 1857 opes
777 1780 935 1854 habebant,
956 1782 996 1840 ad
1015 1801 1109 1840 unum

61 1874 192 1954 aliquem
213 1875 423 1954 confugiebant
441 1876 547 1937 virtute
568 1887 774 1955 praestantem,
790 1875 841 1953 qui
860 1896 928 1935 cum
941 1876 1109 1953 prohiberet

61 1972 167 2033 iniuria
187 1974 345 2047 tenuiores,
361 1974 509 2053 aequitate
530 1973 740 2034 constituenda
759 1993 891 2033 summos
911 1994 980 2033 cum
1001 1973 1109 2034 infimis

61 2070 122 2148 pari
150 2069 214 2129 iure
241 2070 393 2130 retinebat.
437 2071 611 2148 Eademque
635 2070 908 2130 constituendarum
932 2073 1030 2148 legum
1054 2071 1109 2132 fuit

61 2185 151 2226 musa
178 2185 256 2242 quae
287 2187 398 2244 regum.
454 2187 501 2240 42.
539 2169 590 2227 Ius
621 2166 701 2227 enim
729 2186 845 2242 semper
871 2179 916 2228 est
943 2167 1108 2244 quaesitum
1121 2189 1153 2224 πο

61 2263 236 2346 aequabile,
259 2283 357 2341 neque
379 2263 459 2324 enim
483 2264 566 2325 aliter
589 2276 666 2325 esset
688 2264 742 2324 ius.
786 2266 824 2324 Id
847 2264 872 2324 si
892 2266 929 2325 ab
950 2285 1011 2325 uno
1031 2264 1109 2327 iusto

61 2369 90 2420 et
116 2359 201 2420 bono
227 2358 290 2418 viro
318 2361 584 2436 consequebantur,
612 2371 695 2420 erant
727 2379 765 2420 eo
797 2361 946 2422 contenti:
981 2382 1050 2422 cum
1077 2362 1110 2423 id

61 2454 158 2516 minus
182 2455 375 2533 contingeret,
400 2458 479 2534 leges
507 2467 575 2516 sunt
602 2456 748 2531 inventae,
771 2476 847 2534 quae
875 2478 944 2518 cum
971 2459 1109 2520 omnibus

61 2570 177 2630 semper
195 2571 257 2610 una
272 2563 361 2628 atque
375 2555 481 2613 eadem
494 2573 568 2613 voce
582 2555 779 2629 loquerentur.
822 2557 900 2632 Ergo
915 2555 973 2614 hoc
987 2555 1109 2633 quidem

61 2647 250 2726 perspicuum
270 2660 323 2722 est,
338 2669 390 2709 eos
411 2651 450 2710 ad
470 2649 677 2727 imperandum
696 2651 785 2729 deligi
804 2652 913 2726 solitOS,
929 2672 1056 2729 quorum
1070 2655 1108 2714 de
1121 2673 1151 2719 25

61 2745 171 2807 iustitia
194 2765 301 2824 magna
328 2758 405 2807 esset
433 2747 534 2826 opinio
561 2748 764 2819 multitudinis
808 2748 959 2810 Adiuncto
973 2768 1052 2809 *vero
1076 2761 1109 2810 ut

62 2841 152 2907 iidem
180 2843 271 2903 etiam
291 2846 451 2921 prudentes
472 2847 658 2918 haberentur,
683 2845 756 2904 nihil
781 2857 842 2906 erat
867 2847 949 2922 quod
972 2845 1109 2908 homines

62 2940 94 3002 iis
132 2939 305 3000 auctoribus
333 2960 394 3000 non
421 2960 509 3018 posse
536 2941 681 3018 consequi
704 2961 735 3002 se
759 2942 972 3002 arbitrarentur.
1017 2942 1109 3003 Omni

63 3033 148 3112 igitur
167 3035 282 3095 ratione
303 3038 430 3096 colenda
449 3049 479 3098 et
499 3037 654 3098 retinenda
673 3036 784 3101 iustitia
805 3050 850 3099 est
881 3058 950 3097 cum
972 3037 1036 3116 ipsa
1056 3058 1109 3116 per

63 3148 238 3192 sese-nam
258 3131 342 3192 aliter
361 3132 471 3194 iustitia
490 3153 553 3194 non
572 3145 755 3196 esset-tum
772 3146 892 3212 propter
909 3135 1109 3213 amplificatio·
1122 3157 1152 3205 50

65 3244 130 3288 nem
143 3226 266 3288 honoris
280 3238 310 3287 et
323 3229 440 3306 gloriae.
631 3214 633 3218 λ

87 3371 174 3424 mm,
199 3380 222 3414 ω
247 3371 274 3413 be
373 3328 432 3386 Sed
445 3338 479 3387 ut
492 3326 636 3434 pecuniae
649 3347 711 3388 non
725 3329 911 3404 quaerendae
925 3330 1021 3389 solum
1034 3327 1108 3389 ratio

66 3420 154 3474 mla
168 3431 278 3464 mum*
313 3434 366 3498 est,
388 3443 491 3483 verum
514 3434 603 3483 etiam
627 3425 828 3498 collocandae,
852 3443 928 3500 quae
951 3435 1108 3502 perpetuos

67 3473 275 3570 &mitifici
314 3530 447 3597 sumptus
468 3518 636 3596 suppeditet
662 3539 718 3580 nec
738 3522 835 3580 solum
855 3520 1034 3580 necessarios
1054 3521 1108 3581 sed

67 3573 138 3625 tureis,
148 3573 165 3614 it
171 3573 213 3614 will
224 3586 276 3614 soon
346 3616 352 3628 ,
436 3616 442 3628 .
528 3616 533 3627 Ι
591 3616 598 3628 .
700 3615 706 3627 ι

314 3628 403 3677 etiam
423 3617 559 3691 lrberahs,
575 3636 617 3675 sic
636 3617 727 3694 gloria
745 3628 775 3677 et
789 3618 957 3694 quaerenda
974 3627 1004 3676 et
1020 3619 1108 3677 collo·
1120 3635 1149 3687 35

110 3776 126 3818 4
141 3754 206 3806 latro
223 3755 277 3803 secl.
294 3755 336 3804 Ba
351 3751 432 3802 Heine
498 3755 508 3811 ΙΙ
578 3749 608 3800 16
630 3751 701 3815 inops
715 3768 771 3801 cum
784 3753 868 3803 deterr.
886 3751 952 3800 codd.
970 3752 1010 3802 Ba
1029 3752 1109 3802 Helue

68 3835 111 3897 Lu,
122 3837 148 3888 in
158 3837 211 3889 otio
222 3838 253 3887 St
261 3837 363 3887 Alanus
371 3851 427 3884 cum
436 3836 532 3900 aliquot
536 3834 612 3900 codd,
625 3834 697 3888 initio
711 3835 782 3890 OrZ
