2512 4192
145 144 183 203 68
538 141 589 198 De
605 140 787 200 boteuolentia
1043 138 1090 223 [11
1103 159 1135 202 vr
1150 162 1182 202 aa

142 322 194 373 aut
215 309 437 371 benevolentiae
457 309 550 387 gratia
569 308 689 381 faciunt,
711 328 781 369 cum
794 307 893 387 aliqua
913 312 953 371 de
973 330 1066 371 causa
1086 330 1183 388 quem-

142 407 222 486 piam
237 407 370 484 diligunt‚
385 417 437 466 aut
450 404 605 479 honoris,
620 404 645 465 si
658 404 743 466 cuius
756 405 895 466 virtutem
908 406 1076 484 suspiciunt
1087 426 1184 484 quem·

143 524 202 582 que
221 503 344 580 dignum
363 505 481 562 fortuna
499 522 590 579 quam
607 500 789 579 amplissima
806 513 921 580 putant,
941 514 993 563 aut
1012 503 1063 564 cui
1081 503 1184 566 fidem

142 601 253 660 habent
267 610 297 659 et
310 600 388 659 bene
402 599 489 658 rebus
504 598 564 658 suis
579 599 734 659 consulere
748 598 934 673 arbitrantur,
949 610 1004 660 aut
1017 599 1104 661 cuius
1118 620 1183 678 opes

143 707 314 768 metuunt,
338 706 390 755 aut
411 705 515 755 contra
536 713 555 753 a
579 694 687 771 quibus
709 693 823 772 aliquid
843 706 1044 773 expectant,
1066 708 1101 757 ut
1120 716 1184 758 cum
1208 726 1219 775 5

143 811 225 870 reges
244 792 438 868 popularesve
457 790 595 850 homines
614 789 784 868 largitiones
803 791 916 869 aliquas
935 805 1119 871 proponunt,
1138 806 1184 855 aut

142 901 293 967 postremo
307 887 422 964 pretio
436 906 477 946 ac
490 887 654 947 mercede
669 887 825 962 ducuntur,
835 907 912 965 quae
925 888 1132 950 sordidissima
1144 901 1185 951 est

142 986 191 1045 illa
206 986 328 1062 quidem
342 984 416 1044 ratio
430 994 461 1043 et
474 981 712 1060 inquinatissima
725 994 756 1044 et
766 982 810 1059 iis,
820 984 871 1061 qui
885 1004 921 1045 ea
934 996 1081 1061 tenentur,
1089 998 1120 1048 et
1132 987 1190 1054 illis,

142 1082 193 1159 qui
220 1083 259 1142 ad
287 1101 354 1142 eam
381 1082 540 1156 confugere
567 1090 720 1140 conantur.
774 1100 819 1142 22.
863 1083 945 1142 Male
973 1082 1056 1142 enim
1084 1102 1116 1143 se
1141 1102 1183 1144 res

141 1182 230 1242 habet
249 1200 327 1253 cum,
351 1179 434 1255 quod
454 1178 560 1238 virtute
587 1177 663 1237 effici
686 1177 784 1252 debet,
812 1177 844 1238 id
866 1189 1028 1256 temptatur
1051 1181 1219 1258 pecuniam

142 1280 201 1341 Sed
220 1277 363 1355 quoniam
382 1295 444 1334 non
463 1293 628 1350 numquam
644 1275 702 1334 hoc
726 1273 892 1335 subsidium
913 1277 1115 1337 necessarium
1133 1288 1181 1350 est,

142 1397 232 1454 quem
246 1376 286 1434 ad
300 1374 424 1432 modurn
439 1371 476 1431 sit
490 1372 636 1431 utendum
650 1390 687 1430 eo
702 1370 844 1445 dicemus,
863 1370 889 1432 si
902 1372 982 1449 prius
996 1372 1033 1434 iis
1048 1374 1189 1446 derebus,

140 1494 217 1552 quae
231 1471 331 1533 virtuti
349 1468 500 1547 propiores
518 1479 594 1543 sunt,
601 1466 766 1527 dixerimus.
809 1471 909 1545 Atque
927 1469 1018 1529 etiam
1038 1470 1186 1537 subiciunt,

140 1592 172 1633 se
194 1570 331 1630 homines
355 1566 478 1644 imperio
501 1565 618 1626 alterius
646 1576 676 1624 et
699 1566 838 1642 potestati
863 1568 902 1626 de
925 1567 1023 1627 causis
1043 1569 1179 1645 pluribus

141 1673 300 1730 Ducuntur
314 1664 394 1725 enim
409 1674 459 1722 aut
475 1661 682 1722 benevolentia
700 1673 730 1721 et
749 1661 960 1722 beneficiorum
979 1664 1216 1742 magnitudinem

139 1777 190 1826 aut
205 1762 355 1842 dignitatis
371 1759 551 1838 praestantia
565 1770 615 1818 aut
626 1778 678 1835 spe
694 1758 749 1819 sibi
763 1759 795 1818 id
809 1759 880 1821 utile
894 1762 1027 1821 futurum
1041 1775 1094 1823 aut
1104 1775 1181 1826 metu

139 1883 178 1924 ne
201 1862 230 1921 vi
252 1878 354 1938 parere
379 1867 522 1934 cogantur
543 1866 593 1915 aut
615 1875 666 1931 spe
688 1854 848 1933 largitionis
868 1856 1083 1936 promissisque
1107 1841 1187 1939 capti

139 1974 189 2024 aut
203 1970 362 2038 postremo,
383 1966 415 2014 ut
432 1973 520 2030 saepe
535 1952 566 2011 in
580 1963 680 2012 nostra
693 1972 724 2015 re
742 1953 862 2030 publica
879 1954 1025 2031 videmus,
1046 1961 1180 2021 mercede

72 2057 126 2107 VII
165 2057 263 2118 P⁶F⁵⁰¹¹²¹
281 2056 351 2096 Affec·
388 2053 537 2114 conducti.
596 2073 641 2128 23·
701 2053 845 2114 Omnium
872 2065 974 2115 autem
1000 2077 1101 2119 rerum
1127 2080 1180 2121 nec

98 2136 105 2151 ι
139 2111 183 2152 tion
193 2123 210 2149 rs
220 2109 255 2149 the
265 2108 310 2147 best
320 2119 351 2146 se·

153 2161 183 2201 uri
225 2173 238 2198 0
283 2169 349 2215 ouer:
388 2152 483 2229 aptius
502 2161 547 2211 est
562 2149 723 2227 quiequam
742 2152 782 2210 ad
795 2170 867 2228 opes
882 2154 1008 2214 tuendas
1028 2175 1064 2215 ac
1083 2167 1215 2218 tenen-ao

139 2210 214 2251 hatred
224 2209 259 2248 the
272 2216 350 2248 certain

139 2259 291 2351 leuqetpgpgtfepf·
309 2257 351 2346 alp}
388 2248 442 2308 das
470 2268 559 2324 quam
594 2246 676 2325 diligi
711 2268 767 2308 nec
801 2249 925 2311 alienius
953 2271 1047 2329 quam
1077 2256 1177 2318 timeri.

139 2361 216 2402 maxim
229 2359 258 2409 by
269 2356 350 2397 histon·
388 2344 540 2403 Praeclare
554 2343 634 2404 enim
650 2343 782 2403 Ennius:

138 2412 170 2452 cal
179 2409 292 2460 examples‚

247 2491 322 2558 Que‘m
339 2499 450 2542 metutmt
465 2490 582 2541 odu‘runt:
603 2506 673 2555 quem
689 2491 788 2556 quisque
803 2490 859 2553 odit,
872 2494 975 2557 perz't'sse'
986 2495 1081 2559 lupuit.

198 2629 362 2687 Multorum
377 2637 477 2685 autem
491 2623 567 2684 odiis
582 2625 677 2683 nullas
693 2644 765 2701 opes
780 2644 868 2702 posse
883 2627 1035 2703 obsistere,
1054 2629 1080 2691 si
1094 2643 1179 2694 antea

138 2727 192 2786 fuit
217 2725 360 2803 ignotum,
385 2741 478 2798 nuper
502 2732 547 2782 est
571 2721 732 2798 cognitum.
776 2724 842 2782 Nec
865 2743 934 2784 vero
956 2725 1045 2786 huius
1066 2728 1178 2805 tyranni
1188 2740 1213 2791 ¹5

138 2825 243 2896 solum,
257 2842 346 2899 quem
360 2819 447 2879 armis
462 2837 602 2895 oppressa
614 2818 733 2895 pertulit
746 2819 847 2879 civitas
861 2831 1003 2898 paretque
1017 2842 1088 2883 cum
1102 2845 1179 2885 max·

138 2919 196 2980 ime
211 2931 336 2992 mortuo
349 2916 482 2978 interitus
495 2917 623 2976 declarat
645 2929 789 2993 quantum
801 2917 904 2977 odium
914 2919 1072 2981 hominum
1085 2925 1178 2984 valeat

137 3020 176 3078 ad
190 3029 312 3095 pestem,
328 3018 381 3076 sed
395 3014 575 3092 reliquorum
595 3012 703 3088 similes
722 3014 817 3075 exitus
831 3027 1031 3092 tyrannorum,
1052 3039 1177 3096 quorum

137 3114 218 3173 haud
232 3114 292 3172 sere
312 3110 469 3187 quisquam
486 3111 576 3169 talem
597 3108 748 3169 interitum
767 3110 874 3188 effugit.
919 3114 1018 3173 Malus
1034 3115 1117 3177 enim
1135 3127 1178 3178 est

138 3219 236 3268 custos
251 3206 449 3267 diuturnitatis
460 3218 565 3280 metus,
578 3217 739 3283 contraque
753 3208 960 3268 benevolentia
973 3211 1069 3271 fidelis
1079 3215 1128 3273 vel
1141 3213 1177 3273 ad
1188 3225 1214 3275 30

136 3304 368 3380 perpetuitatem.
422 3321 466 3375 24.
520 3303 579 3363 Sed
599 3301 706 3379 iis‚qui
726 3302 755 3362 vi
775 3322 930 3380 oppressos
952 3303 1077 3382 imperio
1101 3312 1178 3369 coir-

137 3411 213 3475 cent,
225 3400 262 3460 sit
283 3420 354 3460 sane
375 3398 546 3459 adhibenda
566 3398 694 3473 saevitia,
717 3410 750 3458 ut
768 3400 824 3460 eris
840 3399 872 3459 in
893 3402 1028 3476 famulos,
1050 3402 1076 3463 si
1095 3405 1178 3466 aliter

186 3577 214 3625 15
231 3572 272 3612 aut
287 3562 462 3612 beneficiorum
479 3563 516 3611 Or
528 3578 584 3610 cum
596 3563 672 3622 codd„
692 3568 716 3611 et
729 3561 903 3613 beneficiorum
919 3565 961 3614 Bo
976 3567 1057 3616 Her'ne
1071 3570 1112 3619 Lu
1122 3579 1178 3636 post

133 3643 261 3692 Peorco'um
313 3647 322 3701 ΙΙ
376 3655 406 3702 23
423 3643 500 3692 odere
516 3658 572 3691 cum
589 3644 683 3708 aliquot
699 3643 763 3691 codd.
786 3645 823 3693 Or
873 3648 882 3701 ΙΙ
935 3645 967 3696 26
985 3657 1088 3712 apparet
1109 3652 1172 3700 codd.

132 3723 224 3786 aliquot
244 3724 309 3773 uude
328 3724 447 3774 Halmius
464 3739 501 3773 ac
523 3730 606 3788 paret
657 3727 668 3781 l
721 3737 751 3788 29
769 3725 894 3774 interitum
916 3726 1012 3789 [talem]
1037 3730 1076 3779 Or
1093 3736 1175 3782 contro

131 3802 196 3850 codd.
