2512 4192
72 209 123 270 III
137 226 185 270 xx
199 204 251 290 81]
332 208 381 268 De
400 209 568 268 contentione
586 209 713 270 Honesti
728 215 757 268 et
783 210 871 271 [stein
1060 230 1094 273 12
1097 233 1115 291 3

70 393 116 443 est
142 391 291 443 vetustate
321 380 526 460 proverbium:
557 399 626 440 cum
658 380 737 441 enim
768 381 859 442 fidem
886 383 1007 444 alicuius
1035 385 1118 446 boni-

71 488 225 555 tatemque
246 479 376 552 laudant,
403 477 538 555 ‘dignum
560 479 635 538 esse’
658 476 762 538 dicunt
783 477 916 554 {quicum
936 479 968 540 iu
989 481 1117 542 tenebris

71 572 183 636 mices!
225 576 297 655 Hoc
315 595 405 652 quam
421 576 511 635 habet
528 573 589 635 vim
609 573 665 634 nisi
682 573 732 634 illa
787 575 859 635 nihil
878 576 1016 654 expedire
1034 580 1116 656 quod

72 689 133 731 non
155 672 269 745 deceat,
284 671 373 754 etiam
394 669 419 730 si
439 670 470 731 id
489 669 584 748 possis
605 672 687 730 nullo
707 672 857 732 refellente
878 673 1028 734 obtinere?
1069 678 1114 750 78.
1240 751 1241 754 Ἴ

72 765 207 828 Videsne
233 768 292 828 hoc
318 767 472 845 proverbio
500 786 596 844 neque
625 767 701 845 Gygi
728 767 770 826 illi
796 788 883 845 posse
909 770 1026 830 veniam
1054 771 1117 832 dari
1146 793 1159 840 ⁵

71 881 170 940 neque
189 863 267 938 huic,
284 883 372 941 quem
392 866 481 942 paulo
500 875 568 924 ante
584 865 731 942 fingebam
753 864 910 942 digitorum
928 867 1116 944 percussione

72 959 252 1020 hereditates
272 959 405 1020 omnium
424 979 512 1037 posse
533 964 721 1021 converrere!
763 961 807 1020 Ut
827 961 915 1036 enim,
931 965 1013 1040 quod
1032 976 1116 1043 turpe

73 1067 126 1132 est,
141 1055 183 1132 id,
204 1056 336 1134 quamvis
354 1058 524 1131 occultetur,
542 1068 641 1118 tamen
661 1058 819 1117 honestum
839 1058 902 1118 fieri
923 1062 1003 1121 nullo
1024 1064 1116 1124 modo

72 1164 180 1230 potest,
202 1153 253 1227 sic,
270 1155 352 1230 quod
371 1155 529 1214 honestum
550 1173 611 1213 non
631 1164 684 1226 est,
705 1153 737 1214 id
756 1153 827 1214 utile
848 1165 881 1214 ut
901 1153 937 1214 sit
957 1157 1033 1217 effici
1053 1177 1114 1218 non

72 1261 169 1328 potest
183 1251 357 1312 adversante
370 1262 400 1312 et
414 1251 598 1328 repugnante,
608 1262 716 1312 natura
960 1285 961 1289 =
1020 1283 1023 1292 ·
1128 1276 1158 1309 ιο

22 1345 62 1398 XX
384 1363 430 1424 79.
453 1350 494 1407 At
514 1346 603 1420 enim,
617 1366 687 1406 cum
707 1367 866 1427 permagna
885 1349 1015 1427 praemia
1036 1363 1112 1428 sunt,

93 1393 143 1438 The
163 1395 287 1448 magnitude

70 1444 286 1538 ghtehffidfficess
323 1453 368 1506 est
400 1462 490 1504 causa
516 1443 666 1521 peccandi.
715 1447 749 1507 C.
780 1446 892 1506 Marius
919 1467 989 1508 cum
1016 1467 1034 1509 a
1060 1469 1113 1527 spe

70 1545 285 1647 gffioffiabgrgllfg·
322 1541 492 1600 consulatus
512 1541 599 1617 longe
619 1540 735 1600 abesset
756 1551 785 1601 et
805 1541 864 1600 iam
885 1542 1042 1619 septimum
1062 1565 1113 1605 an·

70 1647 284 1708 aeuouisnoexcuse
322 1656 394 1695 num
421 1648 488 1714 post
514 1648 679 1715 praeturam
713 1636 820 1698 iaceret
847 1658 943 1715 neque
969 1640 1111 1716 petiturus

70 1697 288 1790 {idumeolirffi
320 1751 459 1810 umquam
488 1734 673 1792 consulatum
699 1732 853 1807 videretur,
880 1736 916 1810 Q.
947 1738 1110 1812 Metellum,
1126 1762 1154 1811 15

70 1806 163 1840 mnus
320 1829 404 1890 cuius
429 1829 542 1906 legatus
569 1838 638 1898 erat,
662 1846 808 1887 summum
834 1827 929 1888 virum
957 1842 986 1890 et
1007 1830 1110 1906 civem,

69 1943 137 1987 cum
171 1925 210 1987 ab
238 1943 284 2001 e0,
312 1924 485 2002 imperatore
519 1943 583 1998 suo,
617 1926 746 1984 Romam
780 1922 885 1984 missus
918 1938 1003 2001 esset,
1031 1931 1111 2006 apud

70 2022 212 2099 populum
233 2024 404 2082 Romanum
432 2018 600 2080 criminatus
621 2031 665 2080 est
687 2021 809 2081 ‘bellum
830 2021 913 2082 illum
935 2023 1057 2085 ducere:
1086 2025 1110 2085 si

70 2133 101 2178 se
127 2118 282 2178 consulem
309 2116 456 2190 fecissent,
484 2115 565 2176 brevi
592 2126 723 2192 tempore
751 2127 802 2176 aut
828 2117 926 2177 vivum
953 2129 1003 2179 aut
1036 2139 1110 2180 mor-

70 2223 152 2274 tuum
167 2215 339 2293 Iugurtham
354 2233 385 2275 se
399 2215 429 2273 in
446 2223 622 2291 potestatem
639 2213 748 2290 populi
757 2214 890 2293 'Romani
906 2215 1109 2276 redactumm’
1124 2245 1155 2278 20

70 2311 176 2388 Itaque
196 2313 292 2397 sactus
315 2321 360 2395 est
381 2311 430 2372 ille
457 2310 577 2389 quidem
598 2312 710 2383 consul,
736 2310 830 2371 seda
855 2312 915 2372 fide
942 2311 1109 2390 iustitiaque

69 2405 212 2480 discessit,
231 2392 285 2484 'qui
312 2407 456 2485 optimum
477 2417 507 2467 et
533 2405 735 2484 gravissimum
763 2405 866 2481 ciuem,
888 2407 971 2468 cuius
997 2410 1109 2487 legatus

68 2515 98 2566 et
123 2524 143 2567 a
170 2523 231 2584 quo
252 2504 358 2566 missus
380 2515 465 2581 esset,
488 2504 520 2564 in
540 2504 681 2565 invidiam
702 2507 775 2565 falso
803 2504 924 2566 crimine
945 2506 1106 2568 adduxerit.

92 2635 283 2680 conductorem·
320 2603 368 2662 80.
398 2604 447 2662 Ne
465 2612 564 2662 noster
581 2601 702 2679 quidem
723 2600 911 2662 Gratidianus
926 2602 1023 2663 officio
1036 2603 1108 2665 boni
1190 2589 1193 2596 ¹

68 2697 186 2731 nonnus.
318 2698 372 2760 viri
397 2701 516 2759 functus
543 2708 588 2759 est
613 2709 686 2772 tum,
709 2719 778 2759 cum
804 2711 920 2776 praetor
946 2712 1022 2761 esset
1049 2701 1107 2761 col·
1120 2731 1150 2781 25
1220 2775 1222 2780 Ι

67 2798 236 2879 legiumque
249 2808 414 2876 praetorum
428 2793 537 2856 tribuni
550 2795 630 2872 plebi
643 2795 854 2885 adhibuissent,
869 2807 902 2856 ut
915 2816 961 2857 res
975 2797 1108 2857 numarin

67 2897 105 2959 de
111 2894 272 2979 tcto-mmuni
285 2891 668 2965 sententialconstitueretur
672 2890 699 2979 ‚s
701 2892 861 2953 iactabatur
879 2892 959 2954 enim
973 2895 1108 2973 tempori-

67 2974 123 3053 bus
140 2989 199 3051 illis
215 3008 322 3050 numus
340 2987 391 3063 sic,
406 2998 439 3048 ut
453 3006 542 3049 nemo
558 2998 658 3064 posset
676 2987 749 3048 scire
766 2986 838 3066 quid
856 2989 985 3049 haberet.
1027 2991 1107 3052 Con-

67 3088 243 3166 scripserunt
258 3085 454 3147 communiter
467 3085 597 3146 edictum
616 3104 685 3144 cum
699 3102 796 3162 poena
810 3079 898 3161 atque
913 3084 1024 3148 iudicio
1038 3107 1107 3148 con·

66 3185 289 3259 stitueruntque,
303 3193 337 3243 ut
357 3202 461 3243 omnes
480 3180 566 3242 simul
584 3181 615 3240 in
634 3192 727 3242 rostra
746 3192 814 3259 post
834 3181 987 3243 meridiem
1007 3203 1105 3246 escen·
1117 3213 1149 3264 30

66 3283 176 3343 derent
207 3281 246 3340 Et
256 3278 345 3341 ceteri
357 3279 477 3358 quidem
489 3279 562 3338 alius
573 3277 640 3353 alio,
651 3276 763 3338 Marius
771 3279 809 3339 ab
818 3279 961 3340 subselliis
975 3280 1006 3340 in
1014 3293 1106 3342 rostra

65 3383 143 3438 re‘cta
156 3375 257 3452 idque,
273 3374 355 3451 quod
368 3366 564 3435 communiter
580 3372 778 3451 compositum
794 3377 895 3449 fuerat,
910 3378 990 3436 solus
1004 3376 1102 3437 edixit.
1123 3374 1129 3429 ἶ

67 3474 104 3533 Et
123 3491 161 3534 ea
182 3490 238 3545 res,
262 3469 287 3530 si
307 3470 431 3547 quaeris,
453 3469 481 3530 ei
505 3488 613 3546 magno
637 3469 742 3530 honori
762 3469 825 3530 suit
867 3471 1013 3532 Omnibus
1033 3471 1105 3532 vicis

66 3580 186 3644 statuae,
201 3568 242 3628 ad
260 3585 309 3629 eas
327 3578 382 3645 tus,
398 3567 481 3629 cerei
526 3565 607 3642 Quid
620 3569 730 3628 multa?
750 3586 838 3628 nemo
852 3587 993 3646 umquam
1011 3569 1105 3630 multi-

66 3665 160 3744 tudini
172 3664 228 3729 fuit
242 3663 345 3761 carior,
386 3666 433 3726 81.
467 3667 554 3725 Haec
565 3674 633 3724 sunt
647 3682 724 3741 quae
734 3665 909 3725 conturbent
921 3665 951 3724 in
966 3664 1104 3726 delibera·
1115 3689 1146 3743 35

65 3761 145 3825 tione
157 3780 221 3823 non
234 3779 406 3840 numquam,
421 3779 490 3821 cum
507 3760 547 3834 id,
562 3759 592 3819 in
607 3778 667 3838 quo
685 3758 810 3821 violatur
830 3759 968 3838 aequitas
985 3779 1046 3820 non
1063 3761 1104 3823 ita
1155 3771 1177 3850 ἴθ’.

64 3875 209 3941 mgnum,
224 3854 299 3918 illud
316 3867 424 3931 autem,
439 3857 520 3934 quod
534 3874 571 3918 ex
588 3874 626 3918 eo
639 3855 757 3936 paritur,
771 3875 969 3939 permagnum
982 3855 1120 3935 uidetur,
