2512 4192
208 147 361 208 NOTES
399 147 1006 222 Booxlliccxxxxxxlssrro-ue
1071 166 1129 224 397

87 368 92 373 .
131 307 186 355 Η.
220 303 1010 373 quodidemJ,1563l·33‚11§rol.10,ZumptGr.§697.

130 387 150 433 1.
162 391 186 434 6.
220 385 328 446 arms]
359 386 511 448 §roaign

131 465 320 526 nmexempio]
351 480 387 513 sc.
399 465 429 513 os
437 465 577 529 Regulus.

131 545 324 607 muana]
350 559 385 594 sc.
396 544 521 610 aliquod
532 561 597 596 esse
607 548 783 612 exemplum.

465 700 637 750 CHAPTER
658 700 753 749 xxxl

131 823 145 882 5
158 827 224 878 ιιι,
234 825 254 870 ι
265 827 290 872 e.
321 835 356 872 ex
367 827 427 872 tote
438 792 489 872 nac
502 823 592 884 uuae]
624 822 667 872 ie.
678 839 733 871 cum
745 823 825 871 muita
835 823 887 873 sine
896 824 1031 884 manea,
1045 825 1130 876 ‘oiaii

81 886 137 936 that
148 887 169 935 is
180 887 237 936 thus
248 887 402 937 meritorious
413 889 440 936 in
451 888 494 936 the
508 889 615 936 conduct
626 888 656 936 os
668 888 779 950 Regulus
792 889 842 937 this
854 897 895 938 eet
907 890 988 938 above
998 890 1033 938 all
1047 891 1131 942 others

81 953 203 1000 demands
213 966 259 1000 our
268 953 425 1010 admiration,
439 953 493 1000 that
503 953 536 1001 he
546 951 622 1001 voted
632 952 670 1000 for
681 953 724 1001 the
734 953 863 1002 detention
872 953 902 1003 oi
909 954 951 1004 the
961 953 1103 1019 prisouersss

130 1034 198 1080 ιη
231 1032 697 1093 noneeinominiaeediemporurn]
731 1031 830 1095 11576.

130 1117 150 1162 l.
162 1119 199 1162 16.
232 1119 262 1162 in
276 1118 412 1162 duodecim
425 1114 536 1175 tabulie]
563 1114 595 1163 de
606 1113 655 1178 leg.
667 1126 689 1163 11
700 1116 714 1174 ἓ
726 1115 966 1180 aapeeiuriipoena
976 1116 1067 1166 divina
1077 1117 1130 1167 exi·

81 1178 156 1237 tiana,
168 1180 281 1226 hunzana
291 1180 395 1228 dedecus.

130 1263 252 1308 indicant
261 1260 391 1320 auratae]
425 1260 513 1308 Festus
524 1275 550 1323 p.
562 1262 609 1322 318
624 1267 757 1308 saeratae
770 1259 905 1322 legissent,
918 1261 1008 1325 quibus
1017 1267 1131 1311 sanetum

81 1332 124 1400 est,
138 1327 185 1388 qui
194 1325 256 1388 quid
266 1326 384 1374 adversus
393 1325 533 1388 cassarent,
546 1340 614 1373 sacer
622 1324 701 1373 aluisi
711 1325 812 1374 deorum
825 1325 860 1374 sit
869 1342 926 1374 eum
934 1326 1043 1390 familia
1053 1335 1128 1391 pecu·

81 1405 182 1454 rosaque.

130 1475 148 1519 i
163 1475 201 1518 18.
235 1474 357 1520 notiones
373 1473 667 1528 animadversionesque
683 1469 831 1530 censorum]
850 1469 904 1519 ‘the
915 1471 1094 1521 examinatione
1104 1472 1134 1522 oi

82 1536 125 1584 the
142 1551 241 1584 censors
257 1537 307 1583 and
321 1536 363 1584 the
377 1535 549 1599 punishmenis
566 1534 676 1583 inflicted
692 1535 725 1597 by
739 1532 827 1584 them.'
860 1535 909 1583 Pro
921 1536 985 1585 Sest.
997 1538 1011 1596 ς
1022 1552 1052 1599 55
1069 1553 1130 1586 een·

47 1603 50 1610 '
82 1601 164 1649 soria
187 1601 267 1648 notio
288 1606 313 1648 et
327 1600 505 1663 gravissimum
522 1600 641 1647 iudicium
657 1600 810 1648 sarutissimi
825 1600 994 1662 magistratu,
1010 1602 1043 1650 de
1057 1618 1127 1665 prov.

82 1680 151 1726 cons.
164 1666 177 1723 ξ
188 1665 220 1725 46
230 1666 387 1713 statuendum
403 1671 438 1712 est
450 1665 613 1712 censorium
628 1664 750 1712 iudicium
766 1680 795 1712 ae
810 1668 956 1713 notionem
973 1673 995 1713 et
1005 1667 1073 1714 illud
1081 1682 1130 1715 mo·

82 1746 141 1777 rum
157 1729 336 1778 severissimum
354 1729 477 1776 iudicium
493 1729 662 1792 nmgisterium
677 1744 727 1777 non
742 1745 789 1777 esse
803 1729 907 1792 nefariis
920 1729 1012 1793 legibus
1026 1731 1055 1779 de
1068 1731 1131 1779 civi-

82 1801 131 1842 tate
146 1795 278 1852 sublatum,
297 1794 324 1842 in
340 1795 388 1842 Pis.
407 1796 420 1852 ᾖ
442 1807 478 1849 ιο,
495 1809 540 1857 pro
558 1794 634 1841 domo
653 1795 666 1852 ξ
684 1808 716 1854 34
732 1793 814 1841 notio
831 1794 987 1856 pontificum,
1007 1795 1041 1842 Α.
1061 1795 1127 1848 Geli

82 1870 144 1907 xv11
162 1861 189 1907 18
205 1859 341 1907 notiones
357 1858 485 1914 censorias,
501 1858 557 1906 Liv.
568 1869 651 1906 xxvii
664 1874 694 1920 25
706 1858 789 1906 where
799 1873 839 1906 see
851 1859 1000 1908 Gronovius.

130 1943 201 1988 ile.
234 1939 397 2000 indicebant]
434 1939 508 1988 ‘used
528 1947 554 1987 io
570 1937 664 2003 judge,’
682 1939 804 2004 implying
821 1939 874 1989 thet
892 1940 955 1989 their
973 1956 1058 2005 power
1078 1941 1130 1991 bad

85 2004 201 2069 perished
214 2004 273 2052 with
284 2004 326 2053 the
338 2004 562 2054 Commonwealin

130 2090 226 2145 §112
241 2089 267 2134 1..
275 2085 384 2145 Manlio]
397 2085 426 2133 L.
438 2085 569 2133 Manlius
581 2085 718 2134 A.F.A.N.
730 2084 923 2148 Capitolinus
935 2086 1125 2151 Imperiosus,

82 2151 189 2200 dictator
199 2162 249 2198 iac.
259 2150 314 2211 363,
325 2150 493 2214 elavifigendi
501 2165 587 2197 caussa
595 2157 697 2208 creatus,
704 2151 808 2212 perirede
815 2166 843 2198 ac
850 2151 889 2198 rei
895 2151 1129 2215 publicaegerendae

81 2232 110 2264 ae
121 2232 171 2263 non
182 2215 309 2263 solvendae
319 2215 444 2277 religionis
455 2215 540 2277 gratia
557 2221 652 2263 creatus
665 2222 729 2273 esset,
748 2215 837 2262 bellum
853 2215 990 2264 Hernicum
1004 2217 1126 2280 afficiens,

81 2281 171 2328 delectu
191 2280 271 2327 acerbo
288 2280 440 2327 iuventutem
458 2280 578 2341 irritavi&
600 2280 752 2342 tandemque,
772 2280 885 2328 omnibus
902 2281 930 2327 in
949 2296 1005 2328 eum
1020 2282 1129 2330 tribunis

76 2346 155 2408 plebis
167 2344 416 2399 coartis‚-dictatura
429 2344 496 2391 abiit.
530 2345 614 2406 Neque
626 2360 650 2392 eo
665 2346 748 2392 minus
758 2344 887 2408 principio
900 2345 1049 2409 insequentis
1062 2347 1130 2396 aurei

83 2411 162 2457 -a'ies
172 2409 274 2456 Manlio
284 2409 375 2456 dieitur
386 2425 401 2456 a
413 2409 453 2456 M.
464 2409 599 2471 Pomponio
609 2416 641 2456 tr.
649 2409 687 2472 pl.
700 2409 755 2456 Liv.
768 2420 810 2456 vii
824 2424 845 2470 3,
860 2429 894 2472 4.Δ
917 2409 975 2473 [Cp.
991 2411 1085 2460 Seneca
1095 2412 1128 2461 de

81 2474 161 2522 benef.
178 2485 264 2536 11137‚
279 2492 294 2535 4
310 2474 373 2521 vicit
382 2480 479 2536 patrem
495 2473 651 2534 imperiosum
667 2474 765 2536 quedem
783 2473 927 2522 Manlius:
944 2474 990 2538 qui
999 2491 1057 2523 eum
1071 2483 1130 2525 ante

81 2547 176 2602 tempus
186 2539 305 2600 relegatus
318 2545 375 2586 esset
385 2554 401 2585 a
411 2545 485 2599 patre
495 2538 522 2584 ob
532 2538 720 2585 adulescentiam
735 2539 833 2586 bractam
847 2546 871 2586 et
880 2539 988 2596 hebetem,
1000 2540 1035 2588 ad
1047 2540 1127 2588 tribu-

80 2620 145 2652 rium
157 2603 241 2666 plebis,
263 2602 309 2665 qui
318 2603 392 2665 patri
406 2618 450 2649 suo
465 2603 564 2650 dixerat
577 2603 651 2657 diem.
669 2602 737 2650 venit
747 2604 869 2666 petitoque
880 2610 988 2666 tempore,
1008 2605 1073 2667 quod
1086 2606 1129 2654 ille

81 2670 179 2717 dederat
193 2675 295 2730 sperans
302 2667 361 2728 sore
373 2668 523 2730 proditorem
537 2667 621 2729 patris
636 2667 723 2726 inuisi,
741 2674 764 2714 et
778 2667 833 2714 bene
842 2668 958 2716 memisse
969 2684 994 2716 se
1002 2669 1030 2716 de
1040 2669 1129 2719 iuvene

80 2733 195 2788 credebat,
206 2732 280 2779 cuius
289 2732 393 2779 exilium
403 2738 451 2794 pro
461 2732 609 2793 grauissimo
622 2732 726 2780 crinu'ne
736 2733 802 2780 iuter
810 2733 864 2780 alia
878 2732 993 2780 Manlio
1007 2733 1126 2791 obiciebat,

80 2805 189 2846 nanetus
202 2797 340 2844 adulescens
353 2803 468 2844 secretum
483 2796 587 2859 stringit
602 2796 746 2845 ocaeltatum
757 2796 815 2844 sinu
822 2796 924 2860 serrum
939 2803 962 2844 et
976 2798 1038 2846 ‘nisi
1049 2798 1126 2848 iuras'

80 2863 167 2926 inquit
180 2863 216 2909 ‘te
230 2861 297 2909 diem
311 2861 375 2924 patri
389 2861 554 2919 remissurum,
572 2861 619 2909 hoc
630 2871 656 2909 te
670 2861 754 2924 gladio
768 2860 936 2910 transfodiam.
955 2861 981 2909 in
992 2870 1034 2910 tua
1045 2873 1126 2926 potes·

80 2937 131 2976 tate
143 2934 190 2981 est,
203 2927 343 2973 utromodo
356 2933 424 2988 pater
435 2941 505 2973 mens
515 2932 683 2974 accusatorem
694 2941 744 2973 non
755 2923 864 2974 habeat.’
896 2926 1000 2974 Iuravit
1012 2927 1128 2976 tribunus

80 3008 123 3040 uec
132 2990 228 3053 fefellit
243 2996 266 3038 et
280 3006 379 3038 eausam
395 2990 498 3038 aetionis
513 2990 628 3038 remissae
641 2989 750 3038 concioni
763 2990 876 3039 reddidit.
909 2990 988 3039 Nulli
996 2992 1044 3041 alii
1055 2993 1128 3043 licuit

80 3057 176 3120 inpune
185 3055 317 3104 tribunum
328 3055 357 3101 in
367 3056 477 3102 ordinem
488 3055 598 3117 redigere.
623 3065 643 3112 j.
652 3067 676 3102 Ε.
683 3066 705 3102 Β.
712 3053 755 3115 iii-J

128 3142 147 3187 1.
160 3143 199 3186 21.
233 3141 302 3185 diem
317 3137 395 3199 dixit]
412 3141 490 3201 ‘gave
506 3136 595 3186 formal
610 3137 693 3187 notice
708 3136 737 3186 oi
748 3152 781 3186 an
792 3136 995 3202 impeachment,'
1006 3139 1124 3206 Ramsay,

80 3205 153 3254 Rom.
165 3203 256 3266 Antiq.
267 3217 293 3266 p.
306 3203 362 3250 288.

130 3282 388 3343 quoa-eadidieeei]
420 3280 485 3344 subj.
497 3281 523 3330 in
538 3281 685 3347 suboblique
696 3282 779 3331 causa]
794 3281 876 3331 clause
890 3283 920 3331 P.
932 3282 958 3333 S.
973 3283 1018 3334 Gr.
1030 3300 1054 3349 μ
1066 3298 1123 3350 459,

81 3349 186 3412 Madvig
198 3348 242 3398 Gr.
254 3349 268 3406 ἕ
280 3361 325 3409 357
338 3363 360 3406 a,
376 3348 450 3411 Roby
461 3348 504 3396 Gr.
519 3358 540 3395 11
555 3362 623 3410 1744.

128 3433 148 3477 1.
166 3433 203 3477 24.
237 3430 642 3485 quodcumaudivieeei-iiiiue,
653 3431 790 3486 negotium
800 3431 917 3478 exhiberi
927 3429 989 3490 oei]
1021 3431 1126 3496 Madvig

81 3496 127 3544 Gr.
139 3496 152 3553 ὅ
164 3507 225 3555 449;
243 3493 367 3556 negotium
383 3493 494 3541 exhiberi
504 3491 526 3555 (§
538 3491 592 3556 roe)
604 3493 625 3541 is
638 3493 781 3557 epexegetic
792 3494 821 3541 of
831 3494 910 3557 quod:
927 3509 967 3559 cp.
980 3507 1002 3544 11
1013 3497 1027 3554 ἓ
1039 3511 1078 3563 29,
1091 3508 1124 3546 111

80 3563 93 3620 ξ
109 3573 153 3608 roa
166 3559 208 3606 hoc
217 3573 342 3606 commune
352 3564 556 3621 est-numquam
567 3573 609 3606 nec
618 3557 693 3606 irasci
701 3559 773 3606 deum
785 3574 828 3606 nee
837 3574 925 3607 noem.

128 3643 205 3688 Ηῦ.
238 3649 297 3686 cum
313 3641 398 3692 prima
414 3638 478 3699 luci]
513 3638 569 3686 The
586 3638 654 3688 MSS
672 3638 736 3686 have
753 3639 909 3702 cumprime
926 3639 985 3699 luce,
1008 3639 1081 3689 Beru.
1101 3656 1124 3689 c.

74 3714 105 3770 pi
111 3706 161 3752 imo
175 3702 244 3751 lucis.
280 3703 378 3777 dionius
392 3717 418 3765 p.
432 3718 545 3777 aronsays
556 3702 681 3778 exoressly
693 3703 746 3751 that
758 3703 846 3752 Cicero
861 3704 887 3752 in
898 3704 940 3752 the
955 3715 1054 3780 preseni
1069 3721 1124 3780 pas·

80 3784 140 3831 sage
157 3767 216 3815 used
233 3768 280 3814 lux
295 3782 322 3814 in
333 3767 376 3815 ihc
387 3767 529 3815 masculine.
566 3767 590 3815 Ii
601 3783 622 3815 1s
633 3768 753 3831 probable
764 3768 885 3816 therefore
896 3768 949 3817 that
961 3769 1004 3816 the
1018 3769 1125 3833 original

78 3837 183 3901 reading
193 3836 250 3886 here
262 3851 312 3886 was
317 3835 404 3900 primo
414 3835 474 3887 luci.
506 3835 567 3884 Lux
577 3834 598 3887 is
608 3833 685 3885 found
694 3834 721 3884 in
731 3833 775 3885 ihe
785 3833 923 3884 maseniiue
930 3834 1136 3884 iuineiocuiuve
