2512 4192
53 159 95 242 ,H
111 199 183 242 xxrr
201 178 252 262 79]
452 202 525 258 quas
542 191 626 260 opera
636 185 700 262 fiat
1070 185 1107 256 89

60 341 130 400 det?
165 341 226 401 Sed
244 341 276 400 in
294 339 345 399 illo
364 339 421 398 alia
440 337 557 400 maiora.
601 333 680 399 Laus
693 337 889 400 abstinentiae
903 358 966 399 non
980 340 1108 400 hominis

60 449 106 498 est
126 438 234 511 solum,
254 436 308 497 sed
328 435 417 496 etiam
437 447 604 513 temporum
624 435 748 498 illomm
792 436 884 499 Omni
907 439 1108 498 Macedonum

59 555 139 613 gaza,
165 554 244 612 quae
264 533 318 595 fuit
343 536 478 608 maxima,
500 533 612 611 potitus
640 537 749 595 Paulus
776 545 894 594 tantum
914 535 945 594 in
966 535 1108 595 aerarium

58 631 206 708 pecuniae
228 632 348 706 invexit,
371 644 405 693 ut
426 634 512 694 unius
534 634 717 711 imperatoris
739 635 849 712 praeda
867 637 958 696 finem
980 636 1109 698 attulerit

56 728 251 790 tributorum:
266 741 295 790 at
309 730 358 789 hic
371 730 444 790 nihil
458 732 582 791 domum
597 751 681 792 suam
695 731 792 792 intulit
806 743 922 809 praeter
934 733 1107 794 memoriam
1135 761 1150 811 5

58 826 190 887 nominis
204 827 420 905 sempiternam.
464 829 601 890 Imitatus
618 840 733 907 patrem
752 831 907 890 Africanus
921 830 1014 892 nihilo
1029 832 1107 892 locu-

58 923 167 1000 pletior
195 925 381 1001 Karthagine
409 945 516 987 eversa.
561 927 664 1003 Quid?
696 927 749 1004 qui
773 927 836 988 eius
860 929 974 1005 collega
997 930 1051 989 fuit
1075 930 1105 989 in

57 1040 192 1094 censura,
210 1023 244 1080 L.
262 1021 433 1096 Mummius,
448 1043 521 1083 num
536 1023 607 1100 quid
618 1023 773 1102 copiosior,
788 1045 858 1086 cum
872 1025 1105 1103 copiosissimam

56 1119 162 1178 urbem
176 1117 312 1178 funditus
327 1120 510 1181 sustulisset?
531 1120 649 1180 Italiam
663 1140 766 1181 ornare
780 1141 869 1199 quam
883 1123 1007 1183 domum
1021 1144 1103 1184 suam

57 1217 169 1275 maluit.
206 1217 396 1294 Quamquam
421 1219 508 1278 Italia
534 1229 638 1279 ornata
665 1221 773 1280 domus
800 1219 863 1297 ipsa
889 1219 963 1280 mihi
989 1220 1105 1282 videtur
1119 1244 1149 1278 ιο

56 1309 195 1372 ornatior.
244 1328 288 1387 77.
332 1314 455 1373 Nullum
475 1313 560 1392 igitur
580 1313 684 1374 vitium
704 1314 825 1375 taetrius
846 1326 899 1388 est,
914 1326 947 1375 ut
966 1335 1003 1376 eo
1022 1320 1103 1379 unde

56 1424 175 1482 egressa
189 1417 235 1468 est
248 1409 353 1468 referat
371 1429 403 1470 se
422 1411 524 1485 oratio,
540 1431 630 1488 quam
648 1411 777 1484 avaritia,
796 1411 967 1488 pracsertim
980 1411 1011 1471 in
1027 1412 1104 1490 prin-

56 1505 173 1582 cipibus
195 1515 226 1565 et
246 1524 308 1564 rem
327 1505 476 1582 publicam
489 1507 731 1583 gubernantibus.
772 1508 895 1574 Habere
908 1508 988 1570 enim
1002 1528 1104 1585 quaes

56 1603 101 1663 tui
121 1622 186 1664 rem
208 1603 359 1680 publicam
381 1624 442 1665 non
464 1607 556 1665 modo
578 1617 663 1683 turpe
684 1617 737 1680 est,
754 1608 808 1668 sed
825 1609 999 1668 sceleratum
1012 1609 1102 1670 etiam

56 1711 87 1760 et
111 1698 266 1760 nefarium.
311 1702 417 1776 Itaque
442 1704 524 1783 quod
550 1704 659 1780 Apollo
681 1702 802 1780 Pythius
824 1705 975 1763 oraculum
999 1704 1092 1765 edidit
1118 1732 1145 1782 15

50 1794 194 1874 ‘spartam
215 1798 297 1857 nulla
316 1818 347 1859 re
368 1798 425 1858 alia
445 1799 501 1859 nisi
522 1800 641 1860 avaritia
661 1819 726 1860 esse
746 1800 918 1878 perituram',
934 1800 966 1862 id
986 1801 1102 1862 videtur
1175 1788 1178 1798 ’

56 1916 118 1956 non
132 1898 232 1955 solum
247 1897 499 1971 Lacedaemoniis,
515 1897 671 1958 sedetiam
688 1897 825 1958 omnibus
844 1898 991 1975 opulentis
1008 1917 1102 1976 popu-

309 1994 345 2053 lis
359 1995 545 2072 praedixisse.
589 1996 680 2055 Nulla
700 2007 798 2056 autem
819 2015 850 2056 re
864 1995 1020 2056 conciliare
1034 1996 1101 2056 saci-

55 2072 203 2164 ,ἒὲξάᾛά
216 2072 270 2162 {¹3¹2
307 2091 363 2151 lius
378 2092 613 2153 benevolentiam
634 2091 831 2154 multitudinis
850 2105 975 2170 possunt
996 2093 1025 2165 ii,
1045 2094 1096 2170 qui

56 2173 268 2271 {fssinffgfffssfiffif
304 2191 347 2251 rei
361 2191 496 2269 publicae
509 2200 657 2267 praesunt,
669 2210 759 2267 quam
773 2189 950 2250 abstinentia
963 2200 992 2250 et
1006 2190 1098 2250 conti·
1113 2220 1144 2253 πο

57 2274 166 2364 ἓῑξξΐῇ
182 2273 270 2374 ffiffi
308 2287 416 2348 nentia
460 2290 506 2362 78.
549 2286 609 2362 Qui
629 2306 699 2348 vero
720 2306 752 2347 se
772 2289 929 2363 populares
942 2289 1045 2346 volunt
1060 2288 1099 2348 ob

148 2337 162 2363 Π

58 2337 270 2475 {ffiesffflffffi
308 2401 433 2459 eamque
455 2401 574 2441 causam
596 2392 647 2440 aut
665 2381 808 2458 agrariam
821 2401 884 2440 rem
898 2391 1052 2457 temptant,
1067 2393 1099 2441 ut

60 2473 87 2574 {3
98 2474 269 2565 oeffilffi
306 2498 488 2557 possessores
502 2480 648 2556 pellantur
662 2477 722 2538 suis
743 2477 871 2551 sedibus,
887 2487 938 2537 aut
958 2476 1099 2553 pecunias

62 2574 202 2616 menh²v²⁵⁰1¹
218 2575 269 2615 ht²⁰
307 2576 432 2636 creditas
453 2574 634 2636 debitoribus
655 2575 869 2635 condonandas
889 2583 1002 2651 putant,
1022 2575 1099 2634 labe·

63 2625 188 2665 reoommend
202 2634 210 2665 t
226 2639 268 2665 em·

65 2675 270 2776 ffiffiffl
307 2675 416 2732 iactant
436 2673 629 2732 fundamenta
655 2671 698 2731 rei
725 2670 870 2748 publicae,
907 2670 1098 2730 concordiam
1112 2703 1140 2750 ²5

67 2775 178 2874 1312qu
184 2775 269 2917 a&
306 2768 443 2846 primum,
466 2787 543 2844 quae
564 2787 629 2828 esse
651 2786 712 2826 non
734 2778 841 2844 potest,
861 2785 931 2826 cum
955 2767 1018 2828 aliis
1039 2768 1099 2829 adi·

70 2874 221 2918 ardunmsona
236 2875 262 2918 le.
306 2875 435 2938 muntnr,
463 2864 527 2925 aliis
561 2859 779 2924 condonantur
800 2863 953 2940 pecuniae,
988 2865 1098 2926 deinde

308 2961 496 3039 aequitatem,
512 2980 588 3038 quae
606 2960 717 3021 tollitur
730 2961 835 3034 omnis,
851 2961 875 3020 si
889 2962 996 3023 habere
1011 2983 1097 3023 suum

75 3060 164 3139 cuique
177 3081 239 3122 non
251 3060 329 3121 licet.
364 3062 402 3121 Id
415 3059 496 3120 enim
510 3070 555 3120 est
567 3059 726 3136 proprium,
741 3069 775 3118 ut
789 3058 959 3136 supradixi,
974 3059 1097 3120 civitatis

76 3156 253 3235 atque'urbis,
277 3168 310 3219 ut
334 3157 372 3218 sit
395 3157 487 3218 libera
509 3168 540 3219 et
560 3177 621 3217 non
646 3156 771 3218 sollicita
794 3175 865 3217 suae
888 3155 930 3216 rei
954 3155 1097 3234 cuiusque
1111 3181 1142 3229 30

77 3256 196 3317 custodia
242 3272 286 3333 79.
328 3257 429 3331 Atque
451 3253 482 3313 in
503 3255 560 3313 hac
581 3253 710 3332 pernicie
734 3252 776 3312 rei
798 3252 934 3329 publicae
956 3274 995 3314 ne
1017 3253 1097 3314 illam

79 3350 179 3424 quidem
199 3361 431 3429 consequuntur,
455 3369 545 3427 quam
566 3360 680 3428 putant,
701 3349 832 3428 gratiam
875 3351 956 3409 Nam
979 3350 1029 3411 cui
1051 3371 1097 3413 res

117 3525 307 3579 tabstinentiae
331 3525 397 3575 codd.
421 3526 500 3574 Bern.
522 3541 542 3575 c.
566 3533 590 3575 et
609 3527 675 3586 Pal,
694 3525 830 3590 sapientiae
851 3532 903 3576 cett.
929 3530 939 3584 ΙΙ
965 3539 979 3589 3
1006 3527 1100 3591 potitus

81 3598 199 3675 Μαῖα
213 3610 256 3661 Ba
274 3608 364 3668 Heine,
384 3607 478 3672 potitus
499 3615 537 3656 est
559 3608 597 3656 Or
613 3609 656 3657 Lu
676 3625 732 3658 cum
753 3608 817 3659 codd.
845 3613 855 3666 ΙΙ
883 3621 897 3670 5
915 3609 978 3658 nihil
997 3609 1099 3658 domurn

81 3692 134 3737 Μ
147 3705 173 3755 p.
185 3704 220 3741 m.
237 3704 264 3740 n.
280 3704 302 3740 s·
316 3687 406 3738 detulit
426 3703 483 3736 cum
503 3687 568 3736 codd.
583 3704 597 3737 c
607 3694 628 3752 p
646 3689 684 3737 Gr
701 3689 739 3738 Or
753 3690 777 3737 Z
791 3690 821 3737 St
836 3689 924 3738 Heine.
962 3689 1099 3752 Utrumque

80 3766 314 3823 manumet
322 3769 412 3821 detulit
417 3769 576 3835 grammatici
588 3771 694 3819 alr’cuius
703 3771 898 3836 mpplenuntum
909 3787 954 3822 erse
965 3771 1031 3822 corti.
1065 3772 1106 3820 Bo

71 3843 137 3971 2¹1¹·
148 3850 379 3921 Quarum!-
387 3850 527 3903 caston&
534 3851 578 3903 Ba
610 3856 623 3914 lt
661 3870 692 3920 24
704 3854 723 3906 ii
733 3854 892 3909 labefactant
906 3857 946 3911 0r
957 3870 1017 3908 cum
1028 3853 1123 3904 duobos
