2512 4192
111 173 200 231 Ixxr
217 168 268 252 72]
313 190 387 247 quae
404 172 436 229 in
456 173 569 247 negotiu
582 174 705 248 publices
719 173 849 250 gerendis
867 182 1002 234 cernatur
1121 197 1158 253 27

106 336 219 437 mles&
230 337 324 439 mg·
361 340 538 401 removerint
561 343 601 401 ad
622 340 775 419 otiumque
794 345 989 422 perfugerint:
1010 345 1041 406 in
1063 348 1108 408 his
1129 359 1159 409 et

106 447 157 528 {2113
170 438 324 539 {gn‘ssffiffi
362 437 536 499 nobilissimi
549 437 718 516 philosophi
732 442 879 517 longeque
893 441 1039 519 principes
1053 455 1082 503 et
1097 444 1158 520 qui-

105 539 321 590 reisnsandnrinces·
363 535 433 594 dam
460 533 595 592 homines
620 534 712 593 severi
732 545 762 594 et
782 555 883 612 graves
904 556 959 596 nec
980 537 1082 614 populi
1102 559 1158 598 nec

105 628 276 705 principum
290 649 387 690 mores
401 632 474 690 ferre
488 641 647 706 potuerunt
660 630 853 708 vixeruntque
873 653 934 692 non
948 634 1021 693 nulli
1034 634 1066 693 in
1082 635 1157 712 agris

106 726 249 786 delectati
262 746 293 786 re
308 746 361 786 sua
374 726 515 786 familiari
559 745 605 801 70.
630 727 688 786 His
707 727 788 787 idem
806 729 990 805 propositum
1003 730 1058 790 fuit
1074 733 1156 808 quod
1186 761 1200 811 5

105 822 234 899 regibus,
249 833 282 881 ut
301 842 339 882 ne
356 842 416 899 qua
433 842 464 882 re
480 834 607 899 egerent,
623 843 661 882 ne
677 823 726 882 cui
739 837 881 900 parerent,
897 826 1030 886 libertate
1043 837 1156 887 uteren-

41 929 93 979 tx1
106 930 161 990 tur,
184 918 269 978 cuius
289 919 439 996 proprium
460 930 504 978 est
524 918 567 978 sic
586 919 691 994 vivere,
713 921 845 982 utvelis.
889 923 988 997 Quare
1008 943 1078 982 cum
1097 925 1157 984 hoc

104 1033 268 1075 commune
289 1014 326 1075 sit
346 1015 496 1092 potentiae
516 1014 692 1091 cupidorum
712 1036 782 1075 cum
802 1017 837 1076 iis
858 1037 932 1094 quos
957 1018 1017 1078 dixi
1044 1019 1153 1094 otiosis,

131 1159 269 1209 eompanson
285 1157 321 1199 be·
358 1112 441 1172 alteri
461 1132 492 1172 se
513 1112 635 1189 adipisci
655 1112 688 1172 id
708 1133 794 1190 posse
821 1115 1003 1189 arbitrantur,
1031 1115 1057 1175 si
1083 1136 1154 1194 opes

103 1210 230 1301 mend?
243 1210 321 1300 mg
359 1228 480 1286 magnas
500 1209 637 1282 habeant,
659 1210 749 1283 alteri,
772 1210 797 1269 si
818 1210 950 1270 contenti
971 1211 1029 1271 sint
1049 1223 1078 1272 et
1099 1233 1199 1282 su010

104 1311 159 1352 Life·
358 1316 389 1366 et
408 1324 505 1381 parvo
550 1309 588 1365 In
607 1325 667 1382 quo
689 1317 859 1366 neutromm
880 1306 1002 1366 omnino
1023 1320 1154 1369 contem-

103 1384 227 1476 ,hPussiass’es
238 1384 323 1475 ἳζᾟξξ
360 1402 459 1461 nenda
479 1401 624 1461 sententia
644 1413 695 1476 est,
719 1405 772 1463 sed
790 1414 820 1463 et
838 1404 950 1464 facilior
967 1416 997 1465 et
1015 1404 1104 1465 tutior
1124 1418 1154 1467 et

103 1485 320 1586 Qsspssssfflelffls‘}
357 1499 455 1559 minus
469 1499 532 1559 aliis
545 1500 638 1578 gravis
652 1512 703 1559 aut
716 1503 841 1561 molesta
849 1502 910 1562 vita
923 1514 967 1562 est
981 1503 1151 1576 otiosorum,

103 1585 319 1686 ffiglffissffiffiffig
357 1597 532 1657 fructuosior
551 1609 651 1657 autem
671 1597 827 1658 hominum
848 1599 947 1675 generi
968 1611 997 1659 et
1018 1601 1057 1660 ad
1073 1600 1153 1659 clari-

102 1685 319 1777 ffissffflffi
357 1705 448 1754 tatem
468 1693 752 1771 amplitudinemque
773 1695 868 1772 aptior
883 1715 995 1766 eornm,
1003 1695 1054 1772 qui
1068 1716 1099 1756 se
1113 1699 1152 1756 ad
1167 1720 1193 1770 15

102 1786 323 1878 ffiss²¹ssffi⁸sffiiss¹fk
356 1807 419 1847 rem
432 1788 581 1865 publicam
595 1799 624 1847 et
638 1789 678 1848 ad
691 1808 811 1865 magnas
825 1807 871 1847 res
885 1790 1027 1865 gerendas
1038 1809 1151 1849 accom-

129 1911 156 1951 1tl
165 1910 223 1951 what
234 1923 293 1951 «Μ
305 1924 319 1952 a
356 1884 557 1944 modaverunt.
601 1901 647 1959 71.
671 1885 857 1960 Quapropter
870 1896 900 1943 et
908 1884 943 1943 iis
952 1884 1071 1944 forsitan
1082 1905 1151 1946 con-

103 1960 318 2052 ᾙάωξέωδζᾷξζ
356 1983 532 2041 cedendum·
539 1981 576 2041 sit
589 2001 652 2040 rem
670 1981 819 2057 publicam
840 2000 901 2041 non
921 1983 1149 2058 capessentibus,

103 2061 262 2112 ”mmm
357 2079 408 2156 qui
434 2077 588 2138 excellenti
615 2077 733 2154 ingenio
761 2077 912 2138 doctrinae
940 2098 1003 2138 sese
1031 2081 1151 2141 dedide-

103 2188 180 2250 runt,
203 2186 234 2236 et
255 2175 289 2235 iis
307 2176 357 2252 qui
378 2185 429 2234 aut
442 2173 617 2234 valetudinis
631 2173 830 2234 imbecillitate
844 2185 895 2234 aut
908 2174 1007 2250 aliqua
1019 2177 1149 2254 graviore
1163 2205 1194 2240 20
1224 2213 1227 2216 <

101 2292 193 2333 causa
223 2272 358 2349 impediti
384 2291 403 2330 a
429 2290 460 2332 re
486 2270 605 2347 publica
631 2280 820 2343 recesserunt,
841 2289 910 2330 cum
937 2271 1001 2331 eius
1028 2273 1150 2332 admini-
1232 2297 1234 2302 ·

103 2371 240 2430 strandae
267 2380 444 2446 potestatem
470 2367 533 2427 aliis
560 2368 739 2452 laudemque
772 2368 976 2429 concederent.
1033 2369 1149 2443 Quibus

102 2478 203 2526 autem
224 2465 290 2525 talis
310 2467 391 2524 nulla
417 2463 454 2524 sit
481 2483 578 2536 causa,
606 2462 631 2522 si
659 2462 809 2540 despicere
836 2483 868 2524 se
896 2463 996 2524 dicant
1016 2484 1052 2525 ea
1072 2485 1148 2542 quae

101 2563 235 2642 plerique
255 2561 404 2634 mirentur,
426 2560 548 2637 imperia
567 2570 597 2620 et
617 2559 809 2636 magistratus,
830 2559 865 2619 iis
886 2579 947 2620 non
968 2563 1059 2621 modo
1087 2582 1147 2622 non

101 2660 192 2734 laudi,
223 2678 327 2719 verum
352 2658 441 2718 etiam
467 2656 539 2716 vitio
566 2657 699 2716 dandum
720 2667 800 2732 puto.
851 2657 985 2731 Quorum
1005 2657 1147 2718 iudicium
1160 2677 1191 2727 ²5

101 2757 132 2817 in
152 2776 199 2830 e0,
222 2757 305 2832 quod
322 2754 445 2832 gloriam
461 2764 652 2813 contemnant
670 2764 699 2812 et
719 2772 773 2829 pro
791 2751 883 2812 nihilo
901 2764 1015 2830 putent,
1030 2753 1148 2816 difficile

100 2856 180 2913 factu
201 2863 246 2912 est
264 2871 326 2911 non
345 2850 477 2928 probare,
500 2849 554 2909 sed
572 2848 710 2908 videntur
728 2849 843 2908 labores
862 2858 892 2908 et
910 2849 1067 2924 molestias
1083 2861 1147 2911 turn

101 2948 298 3010 offensionum
314 2958 345 3007 et
362 2948 543 3023 repulsarum
564 2944 648 3022 quasi
669 2946 820 3021 quandam
837 2943 1030 3022 ignominiam
1044 2947 1147 3009 timere

99 3055 129 3106 et
148 3043 310 3104 infamiam.
353 3044 428 3103 Sunt
448 3040 537 3114 enim,
560 3040 662 3117 quiin
683 3041 769 3100 rebus
791 3040 942 3099 contrariis
962 3060 1067 3118 pamm
1091 3044 1145 3104 sibi

99 3151 245 3214 constent,
265 3141 448 3215 voluptatem
469 3136 649 3197 severissime
676 3146 877 3209 contemnant,
899 3135 931 3195 in
958 3138 1060 3199 dolore
1087 3141 1145 3199 sint
1158 3162 1189 3208 30

100 3237 256 3310 molliores,
283 3235 406 3314 gloriam
434 3235 597 3310 neglegant,
626 3235 794 3309 frangantur
826 3231 955 3306 infamia,
984 3245 1074 3311 atque
1109 3257 1145 3297 ea

123 3385 274 3437 Thmught
290 3393 312 3427 ω
350 3331 472 3408 quidem
503 3348 564 3389 non
593 3329 662 3388 satis
692 3339 868 3388 constanter.
925 3346 970 3404 72.
1013 3331 1073 3390 Sed
1099 3331 1142 3406 iis,

100 3451 157 3480 serve
171 3420 195 3486 b.
210 3438 258 3478 who
276 3449 312 3477 are
350 3428 402 3504 qui
428 3427 539 3487 habent
565 3446 584 3485 a
611 3438 714 3485 natura
737 3425 909 3486 adiumenta
928 3446 1024 3487 rerum
1044 3447 1144 3505 geren·

100 3483 203 3539 naturally
213 3486 312 3538 qualified

100 3539 132 3629 {Tq
156 3537 309 3628 therfiservjoe·
349 3526 462 3597 darum,
490 3524 605 3584 abiecta
632 3522 713 3584 omni
740 3523 928 3583 cunctatione
959 3524 1143 3601 adipiscendi

99 3597 312 3691 resinii‚iu⁰e³iiiiti
348 3619 533 3698 magistratus
560 3630 590 3679 et
616 3621 745 3696 gerenda
771 3639 816 3680 res
842 3619 961 3696 publica
987 3632 1049 3695 est3
1086 3640 1141 3680 nec
1154 3654 1183 3704 35

147 3786 159 3823 1
183 3765 529 3832 removerunt—perfugerant
550 3766 587 3815 Or
604 3773 688 3815 coeetra
709 3765 773 3815 codd.
810 3769 819 3824 [Ι
856 3781 886 3830 23
909 3773 945 3816 est
967 3781 1040 3816 causa
1060 3768 1141 3819 Ileine

96 3856 149 3915 post
158 3850 310 3902 Munatium
