2512 4192
169 171 223 210 122
417 154 467 212 De
485 155 653 214 contentione
672 157 799 215 Honesti
813 162 842 215 et
865 157 952 217 Utoo
1024 153 1213 238 [IIIx1x76

165 324 272 399 regula
315 321 376 398 Qui
402 324 461 383 hoe
485 344 546 401 non
568 325 734 402 perviderit,
759 327 796 387 ab
820 327 879 387 hoc
905 329 986 387 nulla
1007 329 1088 389 fraus
1111 330 1211 405 aberit,

166 419 280 476 nullum
293 416 413 479 facinus.
445 418 493 480 Sic
503 419 583 480 enim
594 421 740 498 cogitans:
756 425 813 481 ‘est
827 421 901 482 istuc
910 421 1033 499 quidem
1043 424 1212 499 honestum,

165 534 269 575 verum
282 516 340 574 hoc
353 515 490 594 expedit,’
504 536 550 578 res
563 537 582 577 a
595 529 699 578 natura
712 520 862 595 copulatas
876 518 998 579 audebit
1011 539 1109 580 errore
1125 521 1211 584 divel-

166 614 235 687 lere,
250 612 301 689 qui
315 615 381 673 sons
394 625 439 674 est
453 615 607 690 fraudium,
623 616 841 689 maleficiorum,
857 618 1001 677 scelerum
1015 617 1161 680 omnium

87 733 154 782 mx
477 714 583 789 Itaque
604 713 628 773 si
646 713 690 774 vir
709 714 806 774 bonus
824 714 933 774 habeat
950 714 1028 774 hanc
1046 715 1117 790 vim,
1133 727 1174 791 ut,
1187 716 1212 777 si
1235 738 1249 788 5

191 808 308 852 Charaeter
327 809 352 850 ⁰f
369 824 383 852 ⁸
419 807 516 886 digitis
538 811 747 889 concrepuerit,
771 810 864 887 possit
887 810 918 870 in
941 812 1137 890 locupletium
1159 825 1212 876 tes·

164 861 222 910 truly
245 860 301 910 good
326 874 380 902 man.

165 910 380 1012 3332123222523
418 918 549 969 tamenta
581 929 692 971 nomen
725 909 787 970 eius
821 909 961 987 inrepere,
997 913 1055 971 hac
1088 911 1118 972 vi
1152 932 1210 974 non

165 1011 383 1103 ffissfiffiffiffossf
418 1016 522 1077 utatur,
550 1025 588 1066 ne
622 1006 647 1066 si
680 1008 863 1084 exploratum
896 1006 1019 1084 quidem
1046 1009 1155 1070 habeat
1179 1009 1210 1070 id

165 1111 381 1252 ξζξέξξὲἑῐξξεῇῑέξ
417 1101 539 1162 omnino
561 1102 709 1162 neminem
731 1121 873 1177 umquam
896 1101 1120 1179 suspicaturum
1171 1107 1209 1166 At

144 1213 207 1256 ,oce
225 1226 252 1253 an
289 1213 380 1263 Expedi-
417 1198 501 1258 dares
519 1199 595 1257 hanc
616 1197 676 1257 vim
701 1201 744 1258 M.
770 1201 885 1272 Crasso,
908 1210 941 1259 ut
965 1199 1126 1276 digitorum
1148 1221 1248 1280 per-10

166 1276 227 1314 ancy,
249 1275 287 1303 nor
312 1272 380 1304 euter-

166 1313 210 1373 un
243 1325 257 1352 a
290 1313 380 1364 thought
416 1294 551 1355 cussione
571 1296 655 1356 heres
675 1305 775 1372 posset
794 1294 917 1373 scriptus
934 1315 1007 1370 esse,
1023 1297 1076 1374 qui
1094 1318 1127 1360 re
1144 1319 1209 1360 vera

165 1362 380 1464 hicinehioi'ssiii
416 1411 477 1451 non
498 1403 575 1452 esset
594 1392 687 1466 heres,
710 1390 742 1451 in
765 1393 837 1465 foro,
863 1392 935 1452 mihi
961 1395 1060 1468 crede,
1084 1396 1207 1458 saltaret.

166 1464 250 1555 ltili&
264 1463 380 1555 neNiiiJi
419 1495 523 1552 Homo
557 1502 656 1552 autem
690 1490 782 1552 iustus
816 1491 909 1569 isque,
940 1512 1032 1570 quem
1066 1495 1207 1557 sentimus

166 1564 378 1664 iihhbffdiimhiii
415 1587 509 1648 virum
528 1587 651 1660 bonum,
666 1586 739 1646 nihil
753 1586 900 1664 cuiquam,
920 1590 1005 1665 quod
1017 1587 1050 1648 in
1068 1610 1100 1651 se
1119 1602 1206 1653 trans

166 1663 382 1766 ffidffir‘bssnssf
416 1687 496 1758 terat,
509 1685 649 1744 detrahet
694 1686 765 1743 Hoc
785 1683 838 1760 qui
856 1683 1024 1758 admiratur,
1040 1686 1065 1746 is
1084 1707 1116 1749 se
1137 1689 1208 1767 quid
1221 1715 1244 1766 ¹⁵

417 1780 454 1840 sit
473 1780 517 1839 vir
539 1780 636 1840 bonus
663 1778 775 1839 nescire
802 1781 933 1840 fateatur.
978 1785 1024 1856 76.
1063 1785 1104 1843 At
1130 1805 1206 1858 vero,

168 1877 192 1938 si
213 1877 263 1955 qui
282 1876 406 1939 voluerit
422 1875 513 1936 animi
531 1875 576 1935 sui
593 1875 799 1953 complicatam
820 1875 973 1936 notionem
992 1881 1137 1954 evolvere,
1151 1880 1207 1940 iam

167 1994 199 2035 se
227 1975 289 2051 ipse
317 1976 423 2035 doceat
450 1994 518 2035 eum
545 1973 638 2035 virum
665 1975 777 2034 bonum
805 1993 878 2047 esse,
901 1974 953 2051 qui
984 1976 1076 2052 prosit
1103 1978 1207 2056 quibus

167 2072 267 2150 possit,
287 2083 394 2133 noceat
414 2070 525 2133 nemini
545 2071 602 2131 nisi
621 2071 772 2132 lacessitus
793 2070 903 2131 iniuria.
948 2073 1029 2149 Quid
1050 2079 1143 2153 ergo?
1161 2075 1207 2136 hic

166 2190 229 2231 non
259 2182 373 2244 noceat,
402 2169 454 2247 qui
480 2171 611 2247 quodam
644 2168 728 2246 quasi
758 2189 874 2230 veneno
900 2169 1032 2247 perficiat
1058 2183 1092 2233 ut
1126 2193 1245 2242 verosro

166 2267 290 2327 heredes
308 2278 433 2340 moveat,
449 2265 480 2326 in
498 2285 600 2327 eorum
618 2268 718 2326 locum
736 2265 799 2343 ipse
816 2266 975 2326 succedat?
1016 2269 1103 2329 ‘Non
1124 2269 1207 2348 igitur

166 2362 265 2423 faciat’
287 2362 392 2424 dixerit
415 2362 480 2440 quis
505 2363 601 2439 ‘quod
622 2362 694 2422 utile
721 2361 766 2434 sit,
792 2364 875 2439 quod
901 2361 1068 2441 expediat?’
1110 2367 1206 2429 Immo

166 2461 314 2539 intellegat
328 2460 400 2521 nihil
421 2480 477 2522 nec
497 2461 635 2538 expedire
653 2481 710 2520 nec
727 2460 798 2521 utile
816 2480 889 2534 esse,
904 2463 988 2539 quod
1003 2461 1041 2523 sit
1056 2461 1205 2527 iniustum.

167 2562 239 2621 Hoc
251 2560 302 2637 qui
316 2580 376 2620 non
391 2559 534 2634 didicerit,
548 2561 644 2621 bonus
657 2559 701 2620 vir
710 2579 774 2620 esse
783 2580 844 2621 non
852 2559 966 2637 poterit
1011 2576 1058 2637 77.
1081 2564 1117 2624 C.
1134 2563 1206 2624 Fine

166 2656 259 2717 briam
282 2657 466 2716 consularem
493 2655 649 2716 audiebam
676 2656 715 2716 de
742 2666 824 2732 patre
851 2667 952 2717 nostro
978 2676 1053 2734 puer
1079 2658 1207 2721 iudicem
1218 2684 1245 2735 rs

167 2755 211 2814 M.
239 2752 356 2814 Lutatio
384 2751 519 2813 Pinthiae
546 2751 644 2827 fuisse,
669 2751 761 2830 equiti
794 2754 933 2813 Romano
966 2772 1038 2815 sane
1071 2754 1205 2830 honesto,

166 2870 234 2910 cum
257 2850 282 2911 is
306 2849 496 2927 sponsionem
517 2848 632 2909 fecisset
653 2866 689 2908 ur
709 2866 765 2908 vm
786 2865 885 2910 nouus
908 2865 1007 2910 essm.
1051 2852 1159 2930 Itaque
1178 2852 1206 2914 ei

166 2946 273 3008 dixisse
294 2946 453 3007 Fimbriam
473 2965 504 3006 se
523 2945 603 3005 illam
621 2965 861 3022 remnumquam
879 2944 1086 3021 iudicaturum,
1101 2967 1140 3010 ne
1158 2960 1206 3009 aut

166 3045 303 3123 spoliaret
322 3047 400 3104 sama
416 3044 573 3122 probatum
593 3043 755 3117 hominem,
773 3041 798 3102 si
817 3053 920 3103 contra
939 3042 1138 3121 iudicavisset,
1157 3057 1206 3107 aut

166 3140 299 3202 statuisse
325 3141 473 3202 videretur
498 3140 591 3200 virum
619 3141 732 3200 bonum
759 3157 824 3199 esse
851 3138 988 3215 aliquem,
1010 3159 1081 3200 cum
1105 3161 1142 3204 ea
1161 3161 1244 3220 res3o

166 3237 426 3298 innumerabilibus
446 3237 549 3298 officiis
565 3247 596 3297 et
613 3236 750 3296 laudibus
770 3235 979 3309 contineretur.
1019 3237 1104 3298 Huic
1123 3239 1206 3318 igitur

165 3333 337 3407 virobono,
357 3353 445 3411 quem
468 3332 597 3393 Fimbria
612 3332 710 3405 etiam,
727 3351 789 3392 non
809 3332 902 3392 modo
920 3332 1055 3393 Socrates
1076 3345 1205 3409 noverat,

167 3433 248 3492 nullo
274 3431 366 3492 modo
392 3429 486 3491 videri
512 3440 609 3507 potest
643 3428 801 3505 quicquam
829 3446 893 3487 esse
920 3426 1000 3502 utile,
1029 3431 1127 3506 quod.
1146 3450 1205 3493 non

166 3529 322 3589 honestum
343 3527 387 3589 sit.
430 3530 535 3604 Itaque
554 3526 619 3587 talis
640 3525 683 3585 vir
696 3545 757 3586 non
776 3526 867 3586 modo
888 3527 993 3598 facere,
1008 3527 1063 3586 sed
1079 3546 1119 3589 ne
1131 3528 1206 3609 oogi-

166 3637 227 3686 tare
247 3624 367 3702 quidem
388 3623 546 3702 quicquam
567 3621 688 3683 audebit
708 3622 791 3699 quod
811 3640 873 3683 non
887 3622 1004 3682 'audeat
1027 3623 1241 3704 praedicarem

166 3724 254 3782 Haec
280 3740 341 3781 non
368 3730 452 3797 turpe
480 3731 524 3780 est
551 3718 686 3801 dubitare
712 3716 913 3806 philosophos,
936 3734 1013 3793 quae
1041 3737 1081 3780 ne
1107 3719 1205 3783 rustici

160 3817 284 3896 quidem
303 3815 457 3879 dubitent?
484 3835 503 3876 a
518 3814 626 3894 quibus
643 3824 747 3874 uatum
761 3823 807 3877 est
821 3811 855 3874 id
867 3810 950 3891 quod
968 3810 1032 3873 iam
1046 3814 1204 3891 contritum
