2512 4192
52 206 107 265 III
122 221 145 263 x
160 50 220 295 ὲ
315 204 372 266 De,
384 203 550 262 contentione
568 204 691 262 Honesti
708 210 735 262 et
759 205 847 265 Utilis
1046 224 1098 264 111

310 367 498 446 Chrysippus,
527 379 561 428 ut
588 370 698 428 multa:
728 368 806 443 ‘Qui
834 368 978 428 stadium’
1005 367 1101 445 inquit

53 453 272 547 affirm&
304 464 423 538 “currit,
450 463 521 525 eniti
545 476 575 525 et
597 466 777 526 contendere
800 465 889 526 debet
911 484 1002 542 quam
1023 484 1102 524 max-

51 557 160 656 ξζζῗξζξ»
167 555 273 646 ξζξξξζξ
310 580 379 622 urne
392 561 485 639 possit
498 571 531 620 ut
544 560 650 630 vincat,
683 563 870 638 supplantare
884 581 961 635 eum,
980 560 1101 638 quicum

51 656 272 748 gissffisrreiudioe
310 669 410 732 certet,
432 668 482 717 aut
503 677 593 716 manu
614 658 761 734 depellere
782 660 864 718 nullo
884 659 977 718 modo
998 658 1100 719 debet:

52 756 272 848 osfflkovfflslffistfssg
311 754 352 814 sic
373 754 404 813 in
424 754 483 814 vita
503 753 559 814 sibi
580 773 729 830 quemque
749 766 848 831 petere
863 756 945 831 quod
959 747 1112 832 pertineat¹
1131 779 1145 829 5

53 838 176 898 thiseffeit·
297 852 349 911 'ad
375 870 462 911 usum
491 869 552 910 non
573 848 707 926 iniquum
728 860 781 924 est,
803 850 885 911 alteri
905 850 1037 929 deripere
1057 850 1103 912 ius

54 969 118 1010 non
132 951 197 1011 est!

81 1095 151 1146 ,gain
177 1095 237 1136 Lm
251 1095 276 1136 os
372 1066 420 1123 43.
464 1048 604 1109 Maxume
623 1057 721 1106 autem
740 1047 945 1123 perturbantur
963 1046 1059 1107 officia
1072 1046 1103 1106 in

56 1126 171 1205 Friepd’s
224 1160 274 1196 mar
312 1140 455 1214 amicitiis,
480 1140 588 1217 quibus
617 1152 645 1200 et
673 1160 734 1200 non
762 1141 889 1201 tribuere
916 1143 999 1218 quod
1024 1153 1103 1202 recte

55 1207 180 1237 sometimes
211 1209 274 1237 cause

54 1260 111 1337 ἓξὲξ
120 1256 274 1346 pgirffiepe
311 1237 405 1315 possis
430 1248 459 1297 et
478 1237 603 1298 tribuere
625 1239 707 1312 quod
727 1256 789 1296 non
810 1237 846 1296 sit
860 1257 988 1313 aequum
1001 1250 1104 1298 contra
1119 1263 1148 1297 ιο

54 1347 275 1449 pgssssssphaffleffiss
313 1334 439 1395 officium
456 1345 507 1394 est
551 1335 610 1394 Sed
629 1333 714 1392 huius
733 1333 846 1410 generis
865 1334 954 1394 totius
973 1335 1060 1395 breve
1075 1347 1104 1395 et

72 1447 275 1538 fffitsssffl‘psssslssff
313 1451 373 1491 non
402 1430 520 1490 difficile
547 1441 735 1507 praeceptum
764 1441 816 1491 est.
860 1432 945 1504 Quae
966 1430 1046 1490 enirn
1066 1431 1106 1492 vi-

56 1557 80 1588 to
96 1549 131 1606 tie
147 1527 275 1606 oirrgarron}
314 1529 420 1588 dentur
440 1526 531 1598 utilia,
553 1526 689 1600 honores,
713 1527 839 1600 divitiae,
862 1530 1035 1604 voluptates,
1059 1549 1106 1590 ce·

56 1597 276 1707 ifqie‘iendssh‘fni
314 1637 375 1686 tera
395 1624 509 1703 generis
529 1623 671 1697 eiusdem,
687 1626 760 1684 haec
779 1625 923 1687 amicitiae
942 1647 1104 1704 numquam

56 1697 276 1814 {ierii‘ffliii'f'ii}
310 1724 523 1801 ,anteponenda
538 1734 613 1783 sunt.
657 1726 697 1782 At
717 1743 814 1800 neque
832 1735 934 1784 contra
952 1745 1015 1786 rem
1033 1727 1106 1803 pub
1120 1745 1147 1794 15

56 1797 276 1899 ffiffifhfflfflhe‘ssnssss
315 1820 401 1880 licam
436 1840 533 1897 neque
568 1832 670 1880 contra
697 1820 741 1881 ius
770 1822 925 1881 iurandum
952 1841 987 1882 ac
1014 1824 1106 1883 fidem

58 1898 273 1949 ¹⁶¹¹²¹¹⁶¹¹g²⁸e¹¹¹‘¹²²
314 1917 401 1977 amici
422 1936 510 1976 causa
529 1916 572 1976 vir
592 1918 688 1976 bonus
716 1916 810 1991 faciet,
832 1937 871 1978 ne
891 1918 916 1978 si
936 1919 1025 1980 iudex
1040 1905 1107 1997 qui·

60 2018 131 2077 dem
157 2015 213 2076 erit
236 2016 274 2075 de
297 2015 362 2093 ipso
386 2013 490 2074 amico.
538 2013 626 2073 Ponit
644 2013 723 2073 enim
742 2033 898 2090 personam
917 2015 1004 2075 amici
1038 2037 1107 2076 curn

59 2111 157 2172 induit
176 2111 289 2171 iudicis.
332 2114 463 2170 Tantum
485 2109 566 2169 dabit
589 2095 743 2183 amicitiae,
758 2121 791 2170 ut
812 2131 911 2171 veram
933 2112 1020 2172 amici
1042 2133 1108 2172 cau-

59 2227 123 2267 sam
152 2226 219 2267 esse
243 2205 334 2277 malit,
363 2217 396 2265 ut
424 2206 553 2265 orandae
580 2205 638 2265 litis
669 2216 794 2282 tempus,
823 2208 923 2282 quoad
950 2228 1002 2284 per
1028 2211 1107 2286 leges
1120 2232 1151 2266 ιο

59 2306 156 2379 liceat,
174 2306 389 2365 accommodet.
420 2345 423 2355 ·
452 2323 499 2377 44.
523 2305 601 2364 Cum
619 2324 688 2364 vero
706 2302 800 2364 iurato
820 2305 965 2365 sententia
981 2305 1108 2367 dicenda

58 2403 122 2479 erit,
136 2402 305 2462 meminerit
339 2403 429 2462 deum
464 2421 495 2461 se
530 2401 669 2462 adhibere
703 2412 816 2476 testem,
845 2401 877 2462 id
911 2414 963 2475 est,
992 2415 1025 2463 ut
1052 2424 1108 2482 ego

61 2499 195 2573 arbitror,
225 2510 357 2559 mentem
384 2518 477 2571 suam,
507 2517 566 2574 qua
593 2498 666 2557 nihil
693 2497 807 2558 homini
835 2499 917 2559 dedit
945 2501 1018 2560 deus
1046 2500 1109 2579 ipse

63 2599 200 2659 divinius.
246 2599 351 2673 Itaque
375 2598 553 2674 praeclarum
576 2617 594 2656 a
614 2595 773 2657 maioribus
800 2597 969 2675 accepimus
985 2618 1109 2678 ,rnorem

63 2693 188 2773 rogandi
210 2692 324 2767 iudicis,
340 2693 365 2753 si
387 2714 455 2754 eum
477 2704 652 2766 teneremus,
674 2711 755 2764 thu
778 2711 872 2754 snuvn
896 2713 969 2754 urus
990 2713 1152 2762 nncunnas

64 2809 177 2852 Possm.
223 2793 310 2850 Haec
330 2791 442 2868 rogatio
463 2791 502 2850 ad
520 2810 559 2875 ea
579 2790 713 2868 pertinet,
737 2810 812 2867 quae
836 2792 936 2867 paullo
960 2802 1028 2853 ante
1050 2792 1111 2852 dixi

64 2891 189 2949 honeste
210 2886 308 2946 amico
329 2907 347 2946 a
367 2887 466 2946 iudice
486 2906 573 2964 posse
595 2885 727 2947 concedi.
773 2889 851 2945 Nam
876 2885 1024 2948 siomnia
1044 2890 1112 2949 laci-

65 2987 142 3046 enda
164 2984 231 3058 sint,
256 3004 331 3061 quae
353 2984 441 3044 amici
462 2984 560 3058 velint,
585 3003 646 3044 non
669 2983 814 3044 amicitiae
836 2985 909 3044 tales
937 2986 990 3045 sed
1012 2987 1112 3047 coniu-

66 3082 193 3143 rationes
214 3082 364 3158 putandae
386 3081 451 3141 sint.
494 3097 542 3157 45.
585 3083 707 3157 Loquor
726 3091 826 3140 autem
847 3082 885 3141 de
906 3083 1111 3143 communibus

67 3177 219 3238 amicitiis:
248 3198 317 3237 nam
345 3178 376 3237 in
404 3178 584 3255 sapientibus
608 3177 676 3238 viris
700 3177 895 3255 perfectisque
919 3177 992 3238 nihil
1015 3191 1112 3256 potest
1125 3197 1156 3244 30

320 3296 383 3337 esse
405 3279 474 3337 tale.
517 3278 686 3336 Damonem
705 3287 734 3335 et
752 3274 900 3335 Phintiam
915 3277 1113 3355 Pythagoreos

69 3354 282 3447 ,efflssensffiffig
320 3373 415 3434 serunt
434 3373 493 3431 hoc
511 3370 610 3430 animo
628 3370 703 3430 inter
716 3389 747 3430 se
761 3371 858 3444 fuisse,-
874 3382 914 3444 ut,
929 3391 1114 3433 cumeorum

71 3468 184 3499 imme
323 3470 405 3532 alteri
432 3469 592 3546 Dionysius
616 3479 757 3546 tyrannus
781 3469 861 3529 diem
885 3469 965 3529 necis
990 3470 1115 3530 destina-

72 3572 157 3633 visset
178 3570 264 3646 etis,
287 3570 339 3649 qui
359 3566 447 3627 morti
474 3565 611 3626 addictus
632 3554 724 3639 esset,
745 3585 856 3643 paucos
878 3565 933 3626 sibi
954 3566 1017 3627 dies
1038 3587 1117 3627 com-

118 3718 175 3762 rut
191 3709 279 3760 multa.
313 3708 350 3758 Ut
366 3706 408 3772 qui
424 3707 455 3755 St
468 3723 480 3756 e
493 3706 541 3755 conl
558 3706 662 3755 Borrae
695 3709 705 3762 ΙΙ
741 3719 769 3754 nr
789 3705 894 3754 dicenda
906 3702 944 3754 ¹est
957 3706 999 3755 Bo
1013 3712 1110 3755 aucam

75 3790 147 3841 Lund
150 3807 162 3851 ,·
177 3788 285 3840 dicenda
298 3787 330 3837 sit
342 3788 411 3837 BeZ
423 3787 460 3836 Or
473 3801 529 3836 cuno
541 3786 620 3845 codd.,·
632 3785 737 3834 dicenda
753 3784 801 3835 erit
815 3785 896 3834 Hoino
931 3789 940 3843 ll
978 3784 1007 3834 26
1025 3795 1109 3849 posset

76 3871 174 3921 &cuno
182 3869 280 3935 aliquot
288 3867 353 3919 codd.
