2512 4192
107 141 262 224 111x32]
462 151 489 202 et
507 145 650 203 currtrurio
670 144 729 202 cius
749 149 824 200 metu
1128 158 1162 214 71

105 309 188 389 iique
208 311 267 388 ipsi
287 309 347 370 iam
367 320 499 370 extrema
520 310 630 369 scelera
649 318 825 381 metuentes,
840 325 903 366 rem
923 324 994 365 vero
1015 302 1165 383 publicam
1205 386 1210 394 .

105 407 227 486 penitus
241 406 402 466 amisimus.
438 409 538 482 Atque
552 404 584 463 in
598 406 651 464 has
665 405 765 464 clades
779 401 1165 462 incidimus—redeundum

107 517 153 566 est
174 505 257 566 enirn
277 506 317 564 ad
336 503 636 581 propositum—dum
656 501 750 562 metui
763 520 854 578 quam
873 498 933 559 cari
951 518 1016 559 esse
1035 509 1065 560 et
1084 497 1166 576 diligi

108 603 265 661 malumus.
320 601 405 676 Quae
433 598 458 660 si
484 600 596 676 populo
625 601 765 677 Romano
797 596 904 656 iniuste
936 594 1093 671 imperanti
1120 613 1167 654 ae·

107 698 209 758 cidere
236 707 404 774 potuerunt,
432 695 507 773 quid
538 697 649 756 debent
677 705 780 771 putare
808 691 935 771 singuli?
976 692 1069 766 Quod
1095 710 1165 750 cum
1194 717 1208 764 5

363 792 552 872 perspicuum
584 792 622 852 sit
654 790 878 854 benevolentiae
904 787 965 849 vim
995 806 1060 848 esse
1086 806 1165 866 mag·

108 870 327 970 ,egssl'hssssofflnffi
363 909 441 961 nam,
461 898 558 948 metus
580 887 757 959 inbecillam,
773 884 904 962 sequitur
923 894 956 943 ut
978 882 1155 944 disseramus

107 971 238 1014 ⁰⁰¹¹fid‘noe·
360 983 468 1060 quibus
501 984 587 1043 rebus
620 981 758 1042 facillime
789 979 936 1057 possimus
968 997 1036 1038 eam
1073 977 1164 1054 quam

132 1038 171 1080 All
185 1038 242 1078 alike
259 1037 322 1078 stand

107 1088 205 1190 lidi?
222 1087 322 1188 ⁰553}ss
359 1083 497 1141 volumus
531 1079 655 1157 adipisci
682 1099 752 1138 cum
779 1079 892 1137 honore
920 1086 950 1136 et
978 1075 1038 1135 fide
1062 1074 1164 1134 carita*

107 1189 323 1290 {hildibaldi
360 1190 429 1240 tem
474 1197 520 1254 30.
551 1179 611 1237 Sed
633 1196 669 1237 ea
690 1195 752 1235 non
776 1175 883 1252 pariter
905 1193 1009 1233 omnes
1033 1193 1163 1251 egemus:
1179 1207 1207 1240 10

108 1289 325 1390 ffiefissssssffc‘ffifffl
361 1297 432 1336 nam
476 1276 516 1336 ad
550 1275 694 1351 cuiusque
726 1273 818 1333 vitam
850 1271 1023 1331 institutam
1049 1291 1164 1345 accom-

107 1389 179 1449 (ςυρψ
200 1389 294 1440 citizens,
360 1375 546 1433 modandum
567 1383 621 1445 est,
635 1392 653 1431 a
666 1370 806 1431 multisne
828 1388 903 1446 opus
924 1368 1018 1428 sitan
1037 1368 1107 1428 satis
1126 1369 1163 1429 sit

107 1438 178 1530 llll}
186 1439 324 1530 il‘il‘ssili
361 1489 380 1529 a
399 1469 501 1546 paucis
523 1468 613 1546 diligi.
657 1469 780 1529 Certum
797 1466 883 1544 igitur
901 1467 959 1526 hoc
977 1466 1015 1525 sit
1028 1465 1119 1544 idque
1133 1478 1163 1528 et

108 1540 266 1591 Wiectglm'
362 1567 490 1645 primum
511 1576 541 1625 et
561 1584 699 1624 maxume
725 1564 930 1637 necessarium,
952 1562 1163 1624 familiaritates

108 1663 218 1722 habere
228 1664 303 1722 fidas
314 1663 478 1722 amantium
492 1682 547 1722 nos
558 1662 722 1722 amicorum
733 1672 762 1722 et
773 1673 873 1721 nostra
887 1661 1069 1721 mirantium:
1088 1662 1162 1722 haec
1177 1687 1205 1734 15

108 1759 189 1819 enim
203 1779 265 1819 una
283 1780 329 1820 res
347 1781 473 1838 prorsus,
488 1771 522 1820 ut
543 1779 604 1819 non
623 1761 751 1818 multum
765 1759 881 1818 differat
896 1757 972 1818 inter
986 1751 1118 1819 summos
1133 1770 1163 1819 et

108 1856 268 1916 mediocris
282 1856 369 1930 viros,
385 1875 480 1934 aeque
494 1856 626 1932 utrisque
650 1868 695 1917 est
720 1856 940 1935 propemodum
953 1856 1160 1932 comparanda

108 1971 155 2028 31.
174 1955 302 2013 Honore
316 1966 346 2014 et
360 1954 452 2032 gloria
466 1964 496 2014 et
510 1952 716 2014 benevolentia
731 1951 840 2011 civium
854 1954 976 2012 fortasse
993 1971 1054 2012 non
1068 1971 1163 2029 aeque

109 2066 214 2107 omnes
230 2059 326 2125 egent,
349 2050 404 2108 sed
424 2059 534 2119 tamen,
557 2047 581 2106 si
602 2047 651 2107 cui
672 2048 746 2107 haec
767 2058 936 2124 suppetunt,
951 2047 1093 2108 adiuvant
1113 2047 1163 2108 ali·

108 2152 255 2219 quantum
271 2163 340 2203 cum
355 2145 395 2203 ad
408 2139 507 2203 cetera
519 2155 583 2202 tum
597 2144 637 2202 ad
650 2142 794 2202 amicitias
808 2145 1029 2220 comparandas.
1175 2171 1206 2204 20

63 2261 98 2311 lx
145 2314 158 2325 ..
424 2241 485 2300 Sed
508 2241 546 2299 de
570 2239 701 2299 amicitia
724 2239 782 2298 alio
807 2239 881 2298 libro
907 2239 1088 2300 dictumest
1111 2237 1162 2315 qui

136 2314 307 2409 fflffiiid'
364 2334 531 2397 inscribitur
553 2336 677 2396 Laelius
722 2338 751 2395 N
754 2356 812 2395 unc
827 2335 960 2396 dicamus
980 2336 1019 2396 de
1039 2334 1160 2414 gloria,

364 2452 545 2510 quamquam
563 2450 606 2492 ‘ea
627 2451 747 2508 quoque
767 2434 814 2492 de
840 2452 872 2492 re
895 2434 956 2491 duo
980 2443 1048 2492 sunt
1070 2431 1162 2492 nostri

111 2526 185 2603 libri,
207 2530 262 2590 sed
283 2529 469 2608 attingamus,
491 2530 613 2608 quando
634 2529 756 2606 quidem
779 2549 815 2588 ea
838 2528 870 2587 in
893 2531 982 2590 rebus
1002 2529 1162 2590 maioribus

111 2625 353 2686 administrandis
377 2627 497 2687 adiuvat
521 2627 688 2705 plurimum.
731 2628 853 2686 Summa
876 2625 964 2703 igitur
983 2638 1014 2687 et
1033 2628 1204 2703 perfectam

111 2722 204 2800 gloria
224 2734 341 2783 constat
362 2744 399 2784 ex
419 2723 512 2784 tribus
533 2723 597 2784 his:
622 2722 647 2782 si
666 2722 760 2799 diligit
779 2721 947 2795 multitudo,
963 2721 988 2782 si
1006 2724 1098 2782 fidem
1113 2724 1164 2782 ha-

112 2820 170 2893 bet,
186 2817 302 2887 sicum
323 2819 518 2880 admiratione
532 2821 662 2896 quadam
682 2819 796 2878 honore
817 2817 922 2895 dignos
939 2828 1031 2895 putat
1076 2821 1162 2880 Haec

112 2926 222 2987 autem,
245 2914 269 2975 si
290 2927 334 2977 est
355 2916 526 2994 simpliciter
548 2916 733 2992 breviterque
755 2914 925 2990 dicendum,
948 2915 1055 2991 quibus
1075 2917 1162 2977 rebus

112 3012 266 3091 pariuntur
279 3033 297 3072 a
311 3014 440 3091 singulis,
456 3013 570 3075 eisdem
589 3016 649 3074 fere
667 3033 686 3073 a
703 3012 901 3073 multitudine.
944 3013 1003 3073 Sed
1023 3023 1068 3073 est
1088 3014 1162 3074 alius
1207 3006 1213 3019 '

114 3128 234 3188 quoque
258 3111 381 3186 quidam
409 3111 507 3172 aditus
531 3112 570 3170 ad
594 3109 824 3183 multitudinem,
846 3120 880 3169 ut
904 3107 936 3168 in
959 3109 1162 3172 universorum
1175 3128 1206 3176 30

301 3252 306 3264 .
364 3197 480 3267 animos
507 3218 660 3283 tamquam
687 3207 809 3266 influere
835 3205 990 3283 possimus.
1044 3226 1090 3283 3²·
1117 3211 1163 3268 Ac

137 3257 168 3310 (a)
182 3256 242 3298 How
249 3263 272 3296 to
280 3267 322 3295 wm

114 3305 324 3402 pfflalgffes·
364 3301 494 3379 primum
522 3303 560 3362 de
580 3301 637 3361 illis
657 3301 758 3374 tribus,
782 3320 859 3378 quae
882 3312 952 3363 ante
972 3300 1041 3376 dixi,
1063 3303 1159 3364 beni-

364 3397 543 3459 volentiae
567 3397 725 3476 praecepta
744 3397 907 3468 videamus,
944 3419 1020 3476 quae
1042 3401 1163 3477 quidem

159 3581 175 3624 4
190 3560 324 3610 maluimus
335 3561 359 3609 Z
367 3559 408 3607 Bo
418 3559 456 3607 Be
465 3574 521 3607 cum
533 3573 582 3606 nou
593 3556 672 3605 nullis
682 3556 746 3606 coda
784 3560 794 3614 ΙΙ
832 3569 860 3620 15
877 3558 1008 3622 uulgatum
1018 3560 1079 3609 haec
1090 3559 1158 3610 enim

115 3645 150 3690 αἱ
161 3655 212 3688 una
230 3653 380 3701 res...eaque
397 3637 506 3700 utrisque
523 3643 560 3685 est
574 3643 622 3684 etc.
637 3640 739 3683 seruant
753 3636 793 3684 Zu
807 3635 851 3693 Or,
866 3652 943 3700 eaque
958 3653 1035 3702 aeque
1048 3639 1157 3703 utrisque

116 3735 173 3770 corr.
187 3721 219 3769 St
252 3723 262 3776 ΙΙ
299 3734 328 3768 ar
346 3718 419 3767 verba
432 3720 475 3781 qui
486 3716 627 3765 inscribitur
641 3715 741 3765 Laelius
752 3722 810 3778 post
825 3717 988 3766 Gulielmium
999 3726 1048 3782 pro
1063 3720 1158 3783 spuriis

115 3799 182 3850 habet
190 3801 232 3850 Ba
242 3799 288 3864 qui
291 3807 341 3864 pro
350 3798 400 3848 alio
411 3799 475 3848 libro
486 3797 595 3862 requirit
604 3812 634 3847 eo
645 3797 716 3860 libro,
730 3796 826 3859 seclusit
837 3798 897 3850 item
908 3799 992 3852 Helue
