2512 4192
58 157 72 214 1
87 171 184 213 xxxrr
203 152 270 235 118]
334 162 456 214 naturae
473 160 702 216 conservationem
720 161 841 234 pertinet
1069 183 1105 237 43

56 343 272 403 cuorceoraprores.
310 321 359 381 alii
372 324 412 382 ad
426 324 625 400 eloquentiam
642 325 798 401 applicant,
816 327 1003 404 ipsarumque
1022 330 1108 390 virtu-

56 395 273 485 ssfflr‘tj‘s'ssissint‘ifei}
309 429 373 477 tum
387 419 418 478 in
432 419 489 478 alia
502 420 575 480 alius
589 424 700 480 mavult
714 424 862 482 excellere.
894 424 1028 497 Quorum
1038 445 1108 487 vero

57 495 150 535 fathers:
164 508 222 535 some
236 509 271 535 as·
547 517 553 528 ·
669 517 674 528 ·
818 519 824 530 ·
957 521 963 532 ·
1089 523 1105 535 ..

57 546 101 595 ,110
116 554 138 584 ω
150 546 192 585 152,
206 545 273 586 aba,
310 527 406 594 patres
427 528 477 577 aut
496 537 621 577 maiores
638 520 737 594 aliqua
753 521 845 595 gloria
857 532 1071 597 praestiterunt,
1086 544 1107 583 11

56 596 92 635 the
116 595 225 636 condition
251 606 273 636 to
743 618 749 628 ·
979 620 985 631 ·

57 645 127 686 which
145 645 199 697 th„
216 658 272 687 were
310 617 431 676 student
440 618 614 693 plerumque
625 619 733 676 eodem
741 638 772 676 1n
786 639 892 695 genere
905 621 1001 680 laud1s
1016 625 1110 682 excel·

57 695 115 736 Μ’
308 718 377 780 lere,
408 725 441 774 ut
455 716 491 790 Q.
510 714 628 773 Mucius
644 716 675 773 P.
686 717 703 774 f.
715 715 746 774 in
760 716 821 776 iure
836 717 921 791 civili,
932 719 1017 778 Pauli
1031 719 1107 778 filius
1137 747 1149 793 5

56 812 214 872 Africanus
232 812 264 872 in
283 833 313 872 re
335 810 459 870 militari.
503 810 634 885 Quidam
656 824 755 871 autem
778 815 817 872 ad
839 833 888 874 eas
907 817 1018 888 laudes,
1034 835 1107 892 quas

56 908 220 986 apatribus
238 920 422 987 acceperunt,
438 910 552 968 addunt
565 907 695 984 aliquam
709 929 801 983 suam,
816 922 848 971 ut
866 911 916 970 hic
934 912 1015 972 idem
1033 913 1107 972 Afri·
1151 978 1158 993 ‚

51 1023 148 1065 'canus
162 1005 333 1082 eloquentia
346 1004 505 1064 cumulavit
519 1003 655 1064 bellicam
669 1005 799 1082 gloriam,
828 1006 909 1081 quod
933 1005 1014 1066 idem
1039 1009 1108 1069 fecit

50 1102 234 1163 Timotheus
263 1102 395 1164 Cononis
423 1103 507 1174 filius,
537 1101 597 1178 qui,
620 1122 689 1160 cum
709 1102 779 1162 belli
799 1104 887 1163 laude
908 1124 970 1164 non
990 1105 1108 1166 inferior

31 1221 32 1224 ¹
57 1200 160 1260 suisset
188 1219 280 1276 quam
306 1211 397 1277 pater,
425 1200 465 1258 ad
496 1218 563 1258 eam
596 1200 715 1258 laudem
750 1199 900 1260 doctrinae
934 1212 964 1261 et
998 1201 1108 1279 ingenii
1123 1223 1151 1257 10

58 1297 181 1374 gloriam
210 1297 326 1357 adiecit.
370 1298 417 1358 Fit
445 1308 544 1356 autem
572 1296 719 1356 interdum
747 1308 780 1356 ut
807 1317 869 1357 non
896 1298 971 1358 nulli
998 1299 1107 1359 omissa

58 1394 224 1454 imitatione
254 1394 399 1454 maiorum
434 1413 519 1453 suum
548 1395 699 1470 quoddam
731 1392 911 1463 institutum=
928 1415 1109 1472 consequan-

57 1503 111 1566 tur,
140 1491 331 1568 maximeque
358 1491 389 1551 in
413 1511 450 1552 eo
476 1494 650 1568 plerumque
684 1491 836 1550 elaborant
869 1491 899 1565 ii,
924 1491 975 1568 qui
1002 1513 1108 1570 magna

58 1589 113 1649 sibi
139 1599 313 1666 proponunt
340 1587 472 1648 obscuris
500 1586 555 1646 orti
582 1585 749 1646 maioribus.
799 1603 862 1661 117.
908 1590 995 1647 Haec
1022 1588 1109 1665 igitur

58 1687 167 1759 omnia,
183 1706 253 1746 cum
268 1686 433 1763 quaerimus
447 1684 520 1762 quid
534 1686 646 1757 deceat,
662 1683 820 1761 complecti
836 1684 935 1745 animo
955 1698 984 1745 et
1000 1686 1108 1764 cogita·
1123 1707 1149 1755 15

57 1786 137 1847 tione
153 1785 307 1845 debemus.
351 1787 388 1845 In
401 1783 502 1862 primis
517 1793 616 1842 autem
630 1782 871 1842 constituendum
891 1794 935 1842 est
959 1803 1034 1859 quos
1053 1804 1107 1844 nos

310 1894 340 1944 et
360 1884 462 1959 quales
483 1901 547 1940 esse
567 1880 691 1941 velimus
710 1891 740 1939 et
760 1880 791 1939 in
811 1900 870 1957 quo
888 1901 995 1958 genere
1013 1881 1107 1941 vitae:

80 1993 197 2055 Difficultu
252 1993 277 2033 of
312 2001 388 2058 quae
409 1978 581 2040 deliberatio
602 1989 646 2038 est
668 1978 799 2038 omnium
820 1979 999 2039 difficillima.
1042 1982 1108 2040 lne-

58 2043 159 2137 {didm
171 2058 187 2086 ²
200 2056 274 2085 eme
311 2089 383 2137 unte
403 2077 482 2138 enim
504 2075 712 2148 adulescentia,
731 2095 799 2134 cum
816 2087 861 2135 est
880 2076 1008 2136 maxima
1028 2075 1108 2137 inbe-

310 2176 413 2236 cillitas
428 2174 551 2248 consilii,
566 2185 629 2234 tum
644 2172 675 2232 id
690 2172 746 2233 sibi
760 2173 884 2250 quisque
897 2195 990 2252 genus
1004 2175 1106 2235 aetatis
1121 2197 1151 2229 20

58 2275 214 2355 degendae
242 2271 402 2343 constituit,
435 2271 518 2346 quod
545 2268 672 2327 maxime
700 2269 857 2328 adamavit.
899 2272 1004 2346 Itaque
1038 2281 1106 2330 ante

58 2371 226 2450 implicatur
243 2368 343 2444 aliquo
364 2377 445 2427 certo
463 2384 569 2443 genere
588 2384 734 2441 cursuque
753 2365 872 2426 vivendi
892 2386 981 2443 quam
1001 2368 1105 2445 potuit,

58 2468 140 2544 quod
162 2464 308 2543 optimum
331 2473 417 2536 esset,
442 2461 579 2521 iudicare.
626 2465 689 2520 118.
727 2463 806 2521 Nam
834 2464 916 2539 quod
944 2466 1106 2523 Herculem

59 2564 203 2627 Pr0dicus
223 2563 302 2634 dicit,
315 2572 348 2621 ut
366 2572 411 2622 est
430 2561 510 2638 apud
525 2561 766 2638 Xenophontem,
781 2580 851 2620 cum
870 2561 998 2638 primum
1017 2563 1108 2638 pube-

59 2661 277 2738 sceret-quod
294 2670 411 2736 tempus
432 2678 450 2717 a
470 2668 573 2716 natura
592 2658 632 2716 ad
652 2656 849 2733 deligendum,
873 2677 961 2734 quam
982 2657 1107 2734 quisque
1120 2679 1149 2726 ²5

59 2759 135 2820 viam
148 2756 271 2818 vivendi
289 2756 326 2816 sit
344 2755 533 2832 ingressurus,
550 2755 653 2814 datum
670 2753 848 2814 est-exisse
866 2754 898 2813 in
917 2754 1106 2815 solitudinem

58 2869 146 2935 atque
160 2854 205 2916 ibi
219 2856 372 2915 sedentem
391 2852 441 2913 diu
460 2872 560 2913 secum
578 2854 764 2928 multumque
778 2852 936 2926 dubitasse,
951 2873 1020 2912 cum
1034 2854 1106 2913 duas

59 2964 191 3017 cerneret
210 2953 282 3026 vias,
300 2971 392 3011 unam
405 2949 581 3028 Voluptatis,
596 2951 717 3010 alteram
735 2949 868 3021 Virtutis
883 2962 977 3010 utram
994 2950 1107 3029 ingredi

59 3052 162 3114 nebus
182 3060 268 3122 esset,
284 3051 343 3108 hoc
362 3048 487 3108 Herculi
498 3047 588 3107 ‘Iovis
604 3058 669 3107 satu
689 3037 885 3125 edit0'''potuit
903 3050 1024 3109 fortasse
1038 3069 1107 3109 con-

59 3149 179 3229 tingere,
209 3146 295 3207 nobis
322 3165 384 3206 non
411 3145 491 3219 item,
520 3143 572 3221 qui
599 3144 748 3204 imitamur
774 3164 849 3222 quos
876 3145 983 3222 cuique
1010 3146 1105 3206 visum
1120 3173 1150 3223 3⁰

59 3259 107 3322 est,
122 3257 215 3323 atque
230 3245 270 3304 ad
283 3263 386 3303 eorum
399 3242 497 3303 studia
509 3241 701 3318 institutaque
714 3241 899 3320 impellimur.
929 3245 1106 3320 Plerumque

60 3355 156 3404 autem
177 3340 343 3420 parentium
363 3337 525 3417 praeceptis
546 3337 652 3398 imbuti
671 3339 711 3398 ad
737 3357 840 3399 eorum
860 3340 1106 3400 consuetudinem

61 3457 232 3516 moremque
260 3436 442 3498 deducimur.
498 3435 558 3495 Alii
591 3435 788 3495 multitudinis
822 3435 931 3496 iudicio
966 3439 1104 3510 feruntur,

61 3553 192 3613 quaeque
219 3531 324 3596 maiori
350 3532 425 3610 parti
451 3530 647 3610 pulcherrima
671 3531 816 3606 videntur,
844 3551 881 3592 ea
906 3532 1033 3593 maxime
1060 3552 1106 3593 ex·

105 3765 136 3815 23
154 3751 291 3801 Herculem
309 3751 427 3800 Prodicus
444 3750 504 3799 dicit
517 3757 574 3814 post
590 3750 739 3799 Munatium
755 3751 796 3799 Ba
815 3751 894 3799 Hez'ne
909 3752 945 3812 St,
969 3752 1109 3802 Herculem

64 3829 198 3883 Prodicinm
210 3831 296 3884 dicunt
306 3832 341 3881 H
355 3831 396 3881 Zu
410 3831 447 3881 Or
455 3831 506 3892 alit,
521 3831 658 3882 Herculem
669 3832 807 3903 prodigum
817 3833 881 3887 dicit
892 3841 940 3903 opt.
955 3835 1024 3886 codd.
