2512 4192
84 155 122 212 70
476 136 526 195 Dc
543 135 725 196 bmeuolentrir
865 174 868 179 »
953 131 1072 216 [11v1n
1089 150 1122 211 27

81 301 300 403 ξξνῗζζζᾶωῃξωζξ
336 303 474 365 libentius
494 304 526 364 in
546 304 597 365 tali
616 324 648 365 re
668 324 758 382 quam
786 303 952 365 domestica
979 307 1123 370 recordor.

81 402 299 494 {gff‘h‘fflfflby
335 405 446 462 Verum
467 411 567 462 tamen
587 420 677 478 quam
698 400 749 460 diu
768 398 926 477 imperium
946 398 1053 478 populi
1069 403 1125 464 Ro·

332 498 413 560 mani
436 497 586 558 beneficiis
618 497 781 571 tenebatur,
808 517 871 558 non
902 496 1025 572 iniuriis,
1052 497 1126 560 bella

82 604 132 654 aut
147 614 202 672 pro
218 595 305 656 sociis
327 606 378 656 aut
400 596 438 655 de
461 593 585 670 imperio
609 594 790 671 gerebantur,
814 593 911 654 exitus
931 605 1016 655 erant
1038 595 1125 656 bello

81 713 145 753 rum
173 704 223 754 aut
246 694 332 754 mites
360 704 411 753 aut
437 690 601 765 necessarii,
624 711 734 769 regum,
762 692 949 768 populorum,
974 691 1125 752 nationum
1150 715 1161 762 5

80 799 181 864 portus
199 800 261 849 erat
278 801 307 849 et
324 787 468 866 refugium
487 797 605 847 senatus
611 806 620 859 3
640 786 733 847 nostri
750 797 850 847 autem
870 787 1059 865 magistratus
1077 789 1126 848 im·
1182 835 1185 839 .

80 896 286 963 peratoresque
310 905 348 946 ex
367 886 424 944 hac
444 901 553 943 unare
577 881 736 942 maximam
759 883 880 942 laudem
903 902 1010 961 capere
1033 886 1126 945 stude

80 982 160 1054 bant,
186 983 211 1041 si
237 981 410 1059 provincias,
435 978 460 1040 si
487 978 584 1039 socios
607 978 754 1055 aequitate
779 990 809 1038 et
832 979 892 1040 fide
916 979 1123 1042 defendissent

84 1095 128 1154 27.
145 1081 251 1155 ltaque
265 1078 337 1137 illud
351 1075 546 1154 patrocinium
560 1074 639 1136 orbis
653 1086 746 1135 terrae
755 1074 852 1136 verius
865 1094 957 1152 quam
971 1075 1125 1154 imperium

81 1185 195 1251 poterat
216 1174 368 1234 nominari.
411 1172 527 1233 Sensim
544 1173 622 1231 hanc
635 1171 882 1232 consuetudinem
896 1184 927 1258 et
940 1172 1125 1251 disciplinam
1137 1193 1162 1228 ιο

81 1268 140 1329 iam
167 1282 256 1331 antea
282 1270 497 1343 minuebamus‚
521 1279 589 1346 post
612 1287 682 1328 vero
710 1270 808 1329 Sullae
830 1266 984 1328 victoriam
1011 1268 1126 1346 penitus

81 1365 231 1426 amisimus
238 1389 247 1442 3
260 1367 387 1427 desitum
401 1376 445 1426 est
459 1364 539 1425 enim
549 1363 642 1424 videri
652 1362 812 1440 quicquam
825 1363 856 1422 in
870 1363 968 1425 socios
982 1364 1124 1442 iniquum,

80 1482 148 1523 cum
169 1464 312 1524 extitisset
331 1463 363 1522 in
383 1461 462 1522 cives
483 1473 567 1521 tanta
586 1460 750 1521 crudelitas.
795 1463 873 1538 Ergo
894 1460 926 1520 in
949 1461 1002 1522 illo
1026 1473 1126 1523 secuta

80 1572 124 1623 est
145 1562 300 1621 honestam
320 1579 439 1619 causam
460 1578 521 1618 non
544 1560 670 1618 honesta
689 1556 818 1618 victoria
862 1560 916 1618 Est
936 1558 1018 1619 enim
1038 1579 1125 1620 ausus

81 1657 178 1717 dicere
198 1658 282 1716 hasta
301 1655 405 1732 posita,
427 1674 496 1714 cum
523 1655 603 1714 bona
624 1654 655 1712 in
679 1655 743 1714 foro
765 1654 905 1714 venderet
926 1665 957 1715 et
979 1656 1124 1717 bonorum
1138 1674 1161 1720 15

80 1754 207 1814 virorum
225 1765 255 1814 et
271 1753 463 1831 locupletium
476 1763 507 1813 et
520 1764 598 1813 certe
612 1751 730 1825 civium,
746 1753 900 1829 ‘praedam
914 1772 946 1812 se
960 1772 1046 1813 suam
1060 1774 1125 1817 ven·

80 1850 168 1910 dere?
209 1851 332 1909 Secutus
346 1860 392 1910 est
409 1848 462 1926 qui
481 1849 513 1908 in
529 1868 618 1908 causa
631 1848 730 1926 impia,
745 1847 867 1908 victoria
880 1848 970 1909 etiam
984 1850 1116 1912 foediore

80 1965 141 2006 non
162 1946 343 2023 singulorum
363 1946 473 2006 civium
493 1946 573 2006 bona
589 1945 760 2022 publicaret,
776 1946 830 2005 sed
847 1945 998 2007 universas
1012 1948 1125 2023 provin·

80 2043 139 2103 cias
152 2042 345 2120 regionesque
359 2063 420 2103 uno
434 2041 606 2102 calamitatis
620 2041 682 2102 iure
696 2043 967 2120 comprehenderet.
1007 2047 1052 2104 28.
1070 2047 1125 2105 Ita»

80 2160 138 2217 que
152 2140 263 2201 vexatis
278 2161 312 2200 ac
325 2139 446 2218 perditis
460 2138 565 2200 exteris
585 2138 754 2199 nationibus
775 2140 814 2198 ad
835 2142 1005 2217 exemplum
1026 2140 1161 2202 amissio

79 2236 192 2314 imperii
212 2237 321 2314 portari
341 2237 372 2296 in
393 2236 541 2312 triumpho
563 2235 728 2308 Massiliam*
740 2235 868 2296 vidimus
888 2247 976 2297 etex
997 2257 1034 2298 ea
1053 2238 1124 2300 urbe

80 2333 257 2410 triumphari,
279 2333 342 2395 sine
363 2352 422 2409 qua
445 2352 608 2408 numquam
629 2331 719 2392 nostri
740 2330 929 2410 imperatores
949 2352 988 2394 ex
1007 2336 1125 2396 transal-

79 2429 155 2507 pinis
182 2431 266 2491 bellis
293 2430 515 2507 triumpharunt.
560 2431 657 2488 Multa
682 2439 833 2505 praeterea
860 2449 1124 2492 commemorarem

79 2527 189 2588 nefaria
208 2527 239 2587 in
260 2526 365 2595 socios,
380 2525 404 2586 si
424 2527 482 2586 hoc
502 2545 563 2585 uno
580 2525 740 2603 quicquam
761 2526 806 2585 sol
823 2524 944 2586 vidisset
965 2525 1121 2605 indignius

80 2627 147 2684 Iure
169 2624 255 2702 igitur
275 2622 437 2700 plectimur.
481 2621 548 2681 Nisi
571 2621 651 2681 enim
675 2623 835 2680 multomm
859 2620 995 2698 inpunita
1016 2625 1161 2684 scelera²5

79 2720 254 2796 tulissemus
279 2739 442 2796 numquam
465 2719 504 2778 ad
528 2737 621 2777 unum
643 2728 724 2777 tanta
747 2717 927 2794 pervenisset
950 2718 1125 2782 licentiata

79 2836 139 2894 quo
153 2818 273 2895 quidem
287 2817 330 2877 rei
343 2815 490 2876 familiaris
504 2816 543 2875 ad
556 2833 676 2892 paucoS,
687 2812 883 2890 cupiditatum
896 2815 936 2873 ad
949 2817 1060 2878 multos
1073 2817 1125 2876 im·

78 2913 186 2989 probos
203 2913 283 2974 venit
301 2912 455 2973 hereditas.
501 2931 545 2988 29.
579 2912 645 2971 Nec
657 2929 727 2970 vero
741 2929 883 2986 umquam
896 2910 1043 2971 bellomm
1056 2912 1124 2973 civi·

78 3008 151 3068 lium
172 3029 273 3069 semen
292 3020 322 3069 et
340 3029 429 3069 causa
443 3007 543 3080 deerit,
560 3008 631 3066 dum
645 3005 781 3067 homines
793 3006 900 3083 perditi
914 3008 1030 3068 hastam
1043 3009 1124 3069 illam

80 3117 231 3165 ementam
259 3116 288 3167 et
310 3105 496 3173 meminerint
518 3116 548 3165 et
572 3105 748 3183 sperabunt3
776 3123 866 3180 quam
890 3106 923 3164 P.
949 3106 1032 3165 Sulla
1054 3119 1161 3168 cum30

79 3201 219 3261 vibrasset
238 3201 379 3262 dictatore
397 3202 564 3279 propinquo
583 3220 646 3274 su0‚
661 3200 742 3261 idem
760 3211 842 3260 sexto
861 3199 1030 3262 tricensimo
1044 3222 1122 3264 anno

81 3308 148 3374 post
161 3316 179 3355 a
192 3296 374 3357 sceleratiore
390 3299 475 3358 hasta
492 3318 553 3358 non
569 3296 695 3358 recessit.
738 3298 821 3357 Alter
834 3307 943 3371 autem,
958 3297 1010 3374 qui
1026 3298 1058 3358 in
1074 3299 1123 3360 illa

82 3393 224 3453 dictatura
238 3392 333 3452 scriba
350 3394 452 3468 fuerat,
467 3392 498 3452 in
519 3395 575 3453 hac
595 3393 650 3453 fuit
664 3403 802 3469 quaestor
821 3393 957 3452 urbanus.
1002 3395 1049 3454 Ex
1063 3414 1122 3472 quo

81 3490 170 3550 debet
191 3487 445 3577 intellegi-talibus
466 3489 602 3566 praemiis
626 3487 783 3566 propositis
807 3507 968 3565 numquam
988 3490 1122 3552 defutura

80 3587 158 3648 bella
180 3574 431 3691 civilia‘xltaque
454 3585 579 3663 parietes
606 3585 697 3646 modo
724 3584 803 3645 urbis
830 3596 908 3645 stant
935 3597 965 3646 et
991 3600 1120 3660 manent,
1134 3598 1159 3647 35

130 3713 159 3766 16
175 3694 327 3779 locupletum
343 3728 399 3761 cum
413 3712 478 3761 codd.
497 3712 526 3770 Z,
546 3709 644 3759 Gruber
658 3709 689 3757 St
706 3709 798 3771 ‘neque
814 3708 881 3757 enim
898 3708 953 3758 nisi
967 3708 995 3758 in
1008 3710 1123 3774 graviore

77 3794 199 3846 sententia
208 3791 369 3857 locupletium
380 3789 431 3840 dici
436 3786 523 3855 posse’‚
537 3786 697 3853 locupletium
708 3786 748 3835 Ba
760 3785 840 3836 Heim
851 3787 892 3834 Lu
