2512 4192
64 152 242 233 Ixx1v84l
333 137 418 214 Verria
426 157 615 232 fortitudinis
634 161 709 218 rabit
729 166 865 221 externa.
1076 184 1110 240 31

62 321 138 398 quid
162 325 327 396 cmdeliter.
370 325 467 400 ldque
488 337 532 384 est
553 325 605 383 viri
627 326 734 402 magni,
759 327 847 386 rebus
869 327 982 405 agitatis
1009 331 1114 407 punire

62 430 174 493 sonteS,
195 420 417 479 multitudinem
434 422 662 495 conservarem
684 423 766 482 omni
788 425 904 483 fortuna
924 437 1004 485 recta
1024 438 1113 503 atque

62 516 192 576 honesta
210 517 343 577 retinere.
384 519 430 578 Ut
449 517 529 576 enim
548 531 625 591 sunt,
641 538 731 595 quem
750 521 927 581 admodum
942 542 1029 600 supra
1044 523 1112 598 dixi,

64 612 117 688 qui
144 613 264 674 urbanis
291 615 379 674 rebus
406 614 525 674 bellicas
553 626 743 691 anteponant,
772 616 814 675 sic
848 618 973 694 reperias
1004 621 1113 680 multos

63 711 173 789 quibus
201 710 365 788 periculosa
392 722 422 771 et
449 712 545 771 calida
572 712 694 771 consilia
721 713 827 788 quietis
854 725 883 773 et
917 716 1050 793 cogitatis
1084 729 1114 778 et
1142 737 1155 787 5

63 808 268 884 splendidiora
295 819 324 868 et
351 808 463 868 maiora
490 808 652 868 videantur.
696 810 742 883 83.
788 811 962 889 Numquam
990 812 1113 873 omnino

62 903 188 980 periculi
212 906 281 980 fuga
304 904 552 963 committendum
574 916 618 963 est
640 914 673 962 ut
697 903 820 964 inbelles
841 904 996 982 timidique
1017 908 1114 969 videa-

62 1021 138 1075 mur,
162 1003 216 1062 sed
237 1000 410 1078 fugiendum
430 1001 504 1061 illud
525 1002 623 1074 etiarn,
648 1019 686 1060 ne
714 1002 870 1061 offeramus
898 1021 953 1062 nos
976 1004 1113 1081 periculis

62 1097 128 1157 sine
155 1117 254 1171 causa,
284 1117 344 1174 quo
371 1117 436 1157 esse
463 1097 536 1156 nihil
563 1108 661 1174 potest
688 1097 812 1157 stultius.
869 1101 1056 1179 Quapropter
1082 1102 1113 1162 in

48 1196 212 1257 adeundis
235 1197 371 1273 periculis
393 1198 578 1256 consuetudo
603 1195 747 1256 imitanda
773 1197 957 1256 medicorum
985 1211 1038 1273 est,
1062 1201 1113 1276 qui
1130 1227 1158 1261 ιο

62 1294 167 1354 leviter
191 1305 374 1373 aegrotantes
402 1293 506 1353 leniter
533 1304 644 1366 curant,
668 1293 847 1371 gravioribus
875 1305 975 1354 autem
1002 1296 1113 1357 morbis

61 1392 243 1468 periculosas
263 1391 429 1451 curationes
449 1402 479 1450 et
499 1390 641 1468 ancipites
660 1390 799 1450 adhibere
818 1401 970 1468 coguntur.
1014 1393 1113 1467 Quare

62 1490 93 1549 in
127 1490 288 1566 tranquillo
321 1481 539 1566 tempestatem
561 1490 715 1548 adversam
746 1497 847 1564 optare
878 1489 1024 1549 dementis
1058 1501 1112 1563 est,

62 1585 220 1645 subvenire
247 1581 347 1645 autem
374 1585 542 1662 tempestati
570 1584 672 1661 quavis
699 1584 812 1645 ratione
839 1585 987 1663 sapientis,
1016 1608 1112 1665 eoque

63 1683 166 1761 magis,
190 1683 215 1743 si
236 1685 302 1761 plus
324 1684 486 1760 adipiscare
510 1704 540 1743 re
563 1683 710 1760 explicata
733 1683 804 1743 boni
826 1704 916 1760 quam
940 1687 1113 1749 addubitata
1128 1711 1155 1760 15

135 1783 156 1857 j
316 1779 395 1841 mali.
435 1781 623 1842 Periculosae
647 1794 747 1841 autern
771 1801 869 1842 rerum
896 1784 1028 1846 actiones
1050 1808 1112 1865 par-

63 1847 167 1938 sevcehriioe
178 1846 282 1938 sbrii'ebi
317 1878 371 1938 tim
405 1880 440 1938 ils
474 1892 553 1945 sunt,
577 1897 628 1954 qur
655 1897 704 1937 eas
732 1877 904 1955 suscipiunt,
933 1881 1039 1957 partim
1070 1882 1112 1945 rei

63 1949 161 1998 ‘mm'
241 2011 243 2016 ·
317 1974 460 2052 publicae.
504 1977 642 2050 Itemque
669 1974 718 2033 alii
741 1976 778 2034 de
800 1975 868 2048 vita,
892 1975 941 2035 alii
960 1978 997 2037 de
1021 1980 1112 2056 gloria

63 2086 91 2135 et
118 2072 328 2136 benevolentia
349 2071 458 2131 civium
480 2069 511 2130 in
539 2070 696 2130 discrimen
720 2083 869 2130 vocantur.
913 2074 1112 2150 Promptiores

62 2172 149 2250 igitur
171 2172 315 2232 debemus
337 2190 401 2230 esse
423 2171 462 2228 ad
483 2180 584 2228 nostra
604 2168 742 2246 pericula,
767 2189 857 2244 quam
881 2172 920 2229 ad
941 2173 1155 2234 communiam

62 2254 263 2345 dimicareque
290 2267 418 2345 paratius
446 2267 484 2326 de
512 2267 624 2326 honore
652 2277 682 2327 et
708 2267 800 2344 gloria
828 2287 918 2344 quam
946 2271 984 2330 de
1006 2272 1111 2332 ceteris

61 2368 236 2428 commodis.
281 2371 327 2441 84.
371 2365 488 2425 Inventi
515 2378 615 2425 autem
643 2365 728 2425 multi
756 2376 824 2425 sunt
851 2366 903 2442 qui
930 2386 991 2428 non
1018 2371 1110 2430 modo

60 2465 219 2541 pecuniam
234 2463 391 2525 sedetiam
404 2462 495 2522 vitam
513 2465 690 2539 profundere
710 2483 764 2540 pro
782 2464 875 2541 patria
893 2466 986 2542 parati
1002 2481 1108 2542 essent,

60 2561 141 2622 idem
161 2560 271 2638 gloriae
292 2560 433 2619 iacturam
454 2578 492 2618 ne
513 2559 667 2618 minimam
688 2559 810 2635 quidem
829 2561 924 2621 facere
938 2563 1054 2635 vellent,
1070 2584 1108 2624 ne

60 2658 224 2735 republica
245 2657 367 2734 quidem
387 2658 562 2733 postulante,
578 2666 611 2715 ut
630 2656 840 2729 Callicratidas,
855 2656 915 2732 qui,
930 2677 1000 2716 cum
1019 2661 1108 2720 Lace·
1124 2689 1152 2736 ²5

61 2753 287 2814 daemoniorum
301 2755 362 2813 dux
376 2752 478 2812 fuisset
492 2752 745 2829 Peloponnesiaco
759 2753 838 2812 bello
854 2754 1006 2829 multaque
1025 2754 1108 2814 fecis·

60 2863 103 2923 set
140 2850 265 2929 egregie,
292 2850 377 2911 vertit
404 2850 444 2910 ad
470 2861 634 2910 extremum
661 2849 769 2922 omnia,
798 2869 868 2909 cum
894 2851 1018 2912 consilio
1045 2873 1106 2914 non

60 2949 155 3026 paruit
169 2967 274 3008 eorum
292 2947 343 3023 qui
362 2948 487 3005 classem
504 2946 541 3006 ab
562 2946 714 3023 Arginusis
733 2939 943 3007 removendam
962 2967 1018 3008 nec
1035 2970 1105 3010 cum

59 3044 291 3107 Atheniensibus
315 3043 519 3103 dimicandum
540 3044 692 3120 putabant.
735 3043 851 3118 Quibus
878 3044 927 3104 ille
953 3047 1106 3123 respondit

60 3140 314 3202 Lacedaemonios
333 3142 425 3200 classe
438 3139 488 3198 illa
502 3138 609 3198 amissa
628 3138 717 3198 aliam
730 3158 830 3215 parare
844 3159 940 3216 posse,
956 3160 988 3201 se
1005 3144 1104 3219 sugere
1121 3176 1152 3224 ³0

60 3239 121 3299 sine
143 3258 199 3299 suo
221 3239 367 3299 dedecore
387 3257 448 3297 non
469 3256 564 3314 posse.
606 3238 707 3312 Atque
727 3236 801 3296 haec
815 3236 938 3313 quidem
958 3240 1105 3300 Lacedae·

59 3335 166 3396 moniis
190 3336 278 3412 plaga
301 3333 466 3405 mediocris,
487 3333 537 3392 illa
559 3333 697 3409 pestifera
716 3351 784 3409 qua,
806 3351 876 3391 cum
897 3334 1104 3398 Cleombrotus

59 3431 202 3492 invidiam
223 3431 330 3492 timens
351 3442 462 3492 temere
483 3449 553 3489 cum
577 3429 785 3505 Epaminonda
805 3429 991 3504 conflixisset,
1014 3433 1104 3493 Lace·

60 3527 284 3590 daemoniorum
298 3548 370 3606 opes
391 3525 569 3588 corruemnt.
612 3528 732 3611 Quanto
753 3527 791 3601 Q.
808 3526 957 3588 Maximus
978 3529 1103 3590 melius!

327 3731 341 3781 5
359 3719 446 3786 quietis
456 3718 646 3784 cogitationibus
656 3721 686 3769 St
695 3736 726 3769 ex
735 3720 812 3769 Bam.
823 3735 837 3767 c
