2512 4192
61 167 130 250 119]
221 172 308 231 Utilis
329 178 438 230 natura
458 174 494 231 ab
514 174 655 232 honestate
673 192 727 231 non
748 172 887 231 disiuncta
1012 173 1048 246 63

62 362 80 402 e
103 341 135 401 in
157 341 304 401 maxumis
325 344 414 402 rebus
437 341 606 402 errantium.
650 341 681 401 Si
702 352 802 401 autem
817 351 861 400 est
875 339 975 416 aliqua
990 340 1047 400 dis·

62 458 104 497 na
119 437 245 511 virtutis,
261 438 313 498 ubi
328 459 363 499 ea
378 450 541 515 quaeretur,
557 459 626 498 curn
647 439 684 498 ab
705 439 763 497 hoc
784 436 919 496 discendi
938 456 1046 513 genere

61 535 190 596 asseris?
242 537 302 596 Sed
330 537 414 608 haec,
438 555 507 594 cum
534 536 573 594 ad
600 533 820 611 philosophiam
846 523 1045 611 cohortamur,

61 632 157 692 ,ratius
185 631 329 708 disputari
351 633 456 704 solent,
480 632 561 708 quod
582 631 641 690 alio
663 632 795 707 quodam
817 629 893 690 libro
913 629 1044 690 fecimus.

61 741 182 789 :autem
196 741 330 804 tempore
345 740 462 788 tanturn
477 729 563 789 nobis
578 729 790 788 declarandum
804 726 867 800 fuit,
883 746 935 786 cur
949 728 1045 788 orbati
1077 752 1090 798 5

61 825 195 903 publicae
216 824 388 885 muneribus
409 826 448 884 ad
469 826 528 884 hoc
547 844 604 884 nos
625 823 755 888 studium
775 822 961 902 potissimum
976 843 1045 883 con-

63 943 174 982 semus
370 917 372 922 ¹

79 1057 169 1098 desen„
189 1059 214 1099 0,
311 1037 336 1094 7.
381 1020 553 1081 Occurritur
579 1029 679 1079 autem
707 1017 793 1078 nobis
821 1028 851 1077 et
878 1016 1045 1094 quidema

61 1109 210 1208 ,Ysssenssyeg‘ifl
250 1119 345 1179 doctis
360 1129 390 1179 et
404 1117 525 1178 eruditis
547 1115 756 1193 quaerentibus
787 1115 895 1175 satisne
909 1126 1044 1174 constan-

61 1207 211 1300 ζ’ῗῆᾗξᾮζζ
249 1228 294 1277 ter
319 1218 415 1276 facere
442 1215 604 1287 videamur,
633 1213 694 1290 qui,
723 1233 792 1273 cum
825 1212 938 1290 percipi
971 1215 1044 1273 nihil
1061 1236 1090 1269 ιο

61 1321 113 1358 ”nb
123 1311 213 1369 ΜΨ
250 1329 337 1385 posse
352 1311 494 1382 dicamus,
510 1321 611 1369 tamen
624 1319 655 1369 et
669 1307 732 1367 aliis
747 1309 885 1368 derebus
902 1308 1044 1369 disserere

61 1371 68 1407 ζ
76 1359 110 1398 his
116 1374 213 1410 opinions

61 1409 211 1502 lssssss‘ff'ffl
250 1409 396 1468 soleamus
418 1419 447 1468 et
467 1411 525 1467 hoc
546 1408 611 1484 ipso
631 1419 765 1483 tempore
785 1409 1044 1485 praeceptaofficii

61 1522 126 1583 ξω
136 1512 160 1552 of
166 1525 210 1552 cer·
248 1524 468 1581 persequamur.
500 1504 616 1579 Quibus
629 1506 736 1563 vellem
751 1503 820 1562 satis
834 1505 953 1581 cognita
966 1517 1044 1565 essct

70 1592 77 1603 ⁹
251 1613 350 1661 nostra
371 1600 535 1661 sententia!
567 1603 639 1661 Non
656 1601 736 1660 enim
755 1620 854 1660 sumus
875 1600 902 1672 ii,
917 1621 1042 1678 quorum

61 1711 116 1759 etur
144 1698 259 1756 animus
288 1717 384 1758 errore
412 1718 470 1757 nee
497 1699 606 1757 habeat
633 1716 775 1773 umquam
798 1696 871 1774 quid
895 1709 1086 1774 sequaninis
1168 1687 1169 1690 '

61 1816 82 1855 ,e
104 1793 185 1853 enim
206 1804 284 1853 esset
304 1794 360 1853 ista
379 1813 464 1853 mens
485 1794 532 1854 vel
553 1814 629 1870 quae
649 1794 709 1853 vita
729 1793 837 1871 potius,
862 1814 923 1854 non
950 1798 1043 1856 modo

62 1891 168 1951 utandi
189 1892 242 1950 sed
264 1890 353 1950 etiam
373 1890 493 1950 vivendi
520 1891 632 1951 ratione
660 1893 796 1952 sublata?
843 1895 908 1952 Nos
932 1904 1040 1968 autem,

61 1987 139 2049 ceteri
161 1988 219 2046 alia
239 1999 327 2060 certa,
349 1987 406 2046 alia
427 1987 538 2047 incerta
559 2007 623 2048 esse
644 1988 756 2061 dicunt,
779 1988 822 2048 sic
849 1991 887 2064 ab
915 1989 960 2050 his
985 1990 1043 2050 dis-

61 2085 167 2157 ientes,
196 2084 253 2143 alia
285 2084 460 2160 probabilia,
490 2096 593 2145 contra
623 2084 681 2143 alia
707 2084 839 2144 dicimus.
897 2088 924 2144 8.
960 2088 1042 2162 Quid

61 2183 149 2259 igitur
170 2183 251 2257 quod
272 2200 320 2240 me
342 2180 486 2256 impediat
506 2200 640 2257 eaquae
660 2181 823 2258 probabilia
837 2182 910 2242 mihi
924 2183 1041 2244 videan-
1055 2206 1086 2239 20

61 2277 153 2355 sequi,
178 2297 253 2353 quae
275 2288 387 2351 contra,
415 2277 581 2354 improbare
609 2289 699 2355 atque
722 2279 887 2338 affirmandi
908 2299 1042 2357 arrogan-

61 2403 64 2435 t
86 2375 232 2434 vitantem
258 2375 358 2450 fugere
378 2374 581 2448 temeritatem,
611 2395 687 2452 quae
708 2395 726 2434 a
746 2375 890 2453 sapientia
917 2377 1041 2438 dissidet

61 2470 176 2529 imum?
218 2471 330 2530 Contra
357 2480 456 2528 autem
477 2470 577 2529 omnia
598 2471 763 2548 disputatur
783 2491 801 2530 a
821 2472 936 2546 nostris,
958 2476 1039 2550 quod

64 2567 165 2644 ipsum
180 2566 331 2643 probabile
347 2568 462 2626 elucere
475 2587 537 2627 non
552 2579 660 2644 posset,
683 2568 739 2627 ni'si
760 2589 797 2628 ex
817 2580 942 2646 utraque
957 2583 1040 2647 parte

63 2683 149 2723 arum
167 2674 245 2722 esset
265 2665 343 2723 facta
364 2664 524 2724 contentio.
567 2666 627 2725 Sed
647 2666 722 2724 haec
743 2666 900 2741 explanata
920 2678 988 2726 sunt
1009 2667 1040 2726 in
1054 2688 1083 2734 25

61 2759 182 2822 lemicis
197 2760 303 2820 nostris
318 2761 393 2834 satis,
402 2772 434 2820 ut
448 2761 575 2838 arbitror,
585 2761 747 2839 diligenter.
790 2762 861 2823 Tibi
874 2775 982 2836 autem,
997 2766 1039 2825 mi

63 2874 107 2928 ro,
123 2874 304 2932 quamquam
318 2855 350 2914 in
364 2856 569 2933 antiquissima
589 2857 830 2935 nobilissimaque
851 2858 1039 2936 philosophia

61 2950 136 3028 ippo
164 2962 283 3011 auctore
310 2952 444 3026 versaris,
471 2953 507 3013 iis
534 2952 692 3026 simillimo,
721 2955 772 3031 qui
806 2953 863 3014 ista
888 2957 1039 3031 praeclara

61 3056 176 3118 rerunt,
205 3057 304 3107 tamen
333 3050 408 3108 haec
430 3060 530 3109 nostra
561 3049 698 3113 finituma
717 3049 821 3110 vestris
851 3049 954 3128 ignota
973 3072 1038 3114 esse

61 3143 78 3204 i.
124 3144 185 3203 Sed
198 3142 256 3202 iam
272 3145 312 3204 ad
326 3144 458 3205 instituta
472 3165 635 3223 pergamus.
1051 3173 1082 3221 30

305 3263 330 3318 9.
374 3244 513 3321 Quinque
552 3244 641 3321 igitur
679 3245 840 3306 rationibus
879 3247 1038 3324 propositis

61 3336 205 3426 {Pessiffidcig
243 3339 331 3400 officii
352 3342 556 3417 persequendi,
572 3360 695 3417 quarum
717 3345 794 3404 duae
814 3344 853 3402 ad
875 3346 966 3405 decus
987 3347 1038 3407 ho-

61 3436 133 3477 lsr0¹¹1
151 3437 204 3476 M0·
243 3445 448 3511 nestatemque
481 3435 670 3512 pertinerent,
705 3439 783 3498 duae
810 3439 850 3498 ad
878 3443 1037 3501 commoda

61 3487 200 3536 lectitude,

61 3537 205 3638 ffimtisssscdy'
242 3530 328 3603 vitae,
344 3531 452 3607 copias
468 3550 549 3607 opeS,
565 3533 726 3605 facultates,
739 3532 843 3607 quinta
855 3535 895 3592 ad
910 3533 1036 3612 eligendi

61 3637 159 3697 ileads
181 3646 203 3676 to
241 3627 389 3700 iudicium,
404 3628 429 3687 si
449 3628 570 3704 quando
584 3646 710 3704 eaquae
729 3627 790 3687 dixi
809 3647 940 3708 pugnare
960 3629 1037 3689 inter
1049 3656 1078 3704 35

61 3688 119 3729 ml*
241 3743 273 3783 se
283 3723 457 3793 viderentur,
480 3724 643 3784 honestatis
656 3743 722 3800 pars
734 3726 869 3785 confecta
883 3735 935 3800 est,
946 3744 1035 3803 quarn

61 3841 549 3964 zdisputanturStrumplmiquecodd.
586 3849 597 3905 ll
635 3863 667 3914 24
684 3847 765 3916 possit
784 3848 823 3902 Or
836 3851 877 3902 Zu
890 3865 948 3901 cum
963 3849 1055 3916 pleris-
