2512 4192
67 202 191 260 Ixxvn
207 198 258 281 96]
399 205 505 262 Decori
522 205 666 280 discriptio
687 207 790 281 duplex
1083 221 1128 281 35,

64 367 171 427 utilem
205 369 346 444 praebeat
379 389 435 428 nec
469 369 595 431 lubidini
628 369 727 447 potius
754 369 943 444 luxuriaeque
971 389 1061 446 quam
1089 371 1121 436 li-

64 464 214 525 beralitati
235 476 265 524 et
292 466 504 528 beneficentiae
531 479 637 544 pareat.
690 469 777 526 Haec
803 466 981 544 praescripta
1008 482 1121 526 servan-

65 572 129 620 tem
157 560 227 620 lieet
255 561 418 638 magnifice,
440 564 563 641 guaviter
590 564 782 640 animoseque
803 563 899 623 vivere
921 574 1008 639 atque
1030 563 1118 623 etiam

65 656 248 733 simpliciter,
264 658 397 732 fideliter,
412 679 480 720 vere
494 662 672 721 †h0minum
686 663 789 722 amice.

10 759 284 857 llluourgiiftaromar
383 776 429 832 93.
473 754 610 831 Sequitur
629 765 663 814 ut
683 752 722 815 de
742 773 802 813 una
821 754 934 831 reliqua
959 766 1041 830 parte
1068 755 1119 814 ho·
1149 777 1170 824 5.
1203 811 1205 816 .

76 828 271 930 Temperiice,
322 854 442 914 nestatis
457 853 617 912 dicendum
632 851 676 925 sit,
689 851 719 910 in
730 871 793 932 *qua
802 852 978 910 verecundia
992 863 1022 912 et
1035 853 1119 927 quasi

83 957 274 1048 “Hifflss'ifu
321 952 442 1027 quidam
463 962 581 1010 ornatus
602 950 687 1023 vitae,
710 949 903 1025 temperantia
923 961 952 1009 et
973 949 1118 1009 modestia

63 1063 210 1124 proptrery
238 1064 282 1114 uu·
320 1047 475 1123 omnisque
503 1045 616 1105 sedatio
643 1044 895 1122 perturbationum
916 1045 1006 1103 animi
1027 1056 1056 1104 et
1076 1065 1118 1105 re-

62 1115 282 1224 iiiiilnbifr‘iiili
319 1163 384 1201 rum
405 1143 510 1203 modus
531 1141 665 1201 cernitur.
710 1144 781 1201 Hoc
801 1143 868 1200 loco
889 1141 1057 1201 continetur
1076 1142 1115 1212 id,

63 1214 88 1255 oi
100 1215 174 1256 Virtue
193 1229 212 1254 rs
225 1228 280 1255 inse·
440 1239 446 1248 ·
469 1239 474 1248 ·
554 1237 560 1248 ·
918 1230 920 1234 ν
1077 1237 1083 1248 .

63 1265 149 1315 „mare
167 1265 222 1305 imm
240 1265 281 1304 urs
320 1241 402 1314 quod
418 1240 476 1298 drcr
496 1241 600 1297 Latine
620 1238 760 1295 decorum
780 1247 885 1313 potest,
902 1238 1015 1296 Graece
1037 1257 1116 1296 emm
1133 1262 1161 1295 10

63 1315 281 1406 ffihi'ffirffiaihv‘ssff
319 1335 425 1412 πρέπον
446 1335 558 1394 dicitur.
603 1333 704 1393 Huius
717 1333 761 1391 vis
775 1353 810 1392 ea
828 1345 883 1406 est,
892 1344 924 1392 ut
938 1335 975 1392 ab
990 1336 1116 1411 honesto

63 1425 123 1456 ‘¹¹²⁵‘
136 1417 176 1456 Vi*
319 1455 380 1494 non
394 1445 483 1510 queat
497 1431 630 1508 separari.
668 1451 714 1507 94.
739 1433 818 1489 Nam
830 1441 859 1490 et
868 1432 951 1507 quod
966 1433 1051 1490 decet
1065 1433 1116 1490 ho-

64 1547 182 1595 nestum
194 1545 239 1594 est
251 1545 279 1593 et
291 1534 374 1609 quod
384 1534 540 1590 honestum
551 1541 596 1588 est
605 1530 697 1588 decet.
731 1526 834 1601 Qualis
844 1539 942 1587 autern
952 1528 1115 1589 differentia

63 1631 101 1690 sit
124 1630 244 1691 honesti
268 1641 298 1689 et
317 1627 424 1698 decori,
447 1626 559 1685 facilius
580 1625 709 1700 intellegi
730 1643 819 1699 quarn
841 1625 988 1700 explanari
1007 1636 1112 1702 potest.

63 1729 221 1806 Quidquid
242 1739 286 1787 est
307 1727 387 1786 enim
408 1726 491 1801 quod
512 1726 624 1796 deceat,
646 1722 678 1781 id
699 1734 762 1781 tum
783 1733 911 1799 apparet,
938 1743 1006 1780 curn
1033 1735 1156 1788 ante-15

61 1845 160 1903 gressa
181 1835 227 1884 est
248 1825 395 1882 honestas.
453 1819 558 1895 Itaque
579 1839 639 1878 non
661 1820 757 1878 solum
778 1817 809 1876 in
830 1819 886 1877 hac
906 1829 988 1895 parte
1009 1819 1113 1883 hones·

61 1923 136 1996 tatis,
167 1923 206 1980 de
235 1939 294 1996 qua
320 1919 465 1977 hocloco
488 1916 691 1976 disserendum
712 1925 764 1987 est,
787 1915 841 1973 sed
861 1913 950 1974 etiarn
970 1914 1001 1973 in
1022 1915 1113 1974 tribus

316 2013 512 2090 superioribus
551 2011 623 2088 quid
654 2012 757 2069 deceat
790 2020 918 2086 apparet.
976 2013 1054 2068 Nam
1083 2024 1112 2070 et

309 2113 427 2172 'ratione
448 2112 491 2170 uti
512 2122 600 2186 atque
628 2109 760 2168 oratione
787 2109 944 2184 prudenter
971 2119 1001 2168 et
1024 2126 1112 2189 agere

62 2214 144 2290 quod
172 2230 243 2288 agas
271 2208 455 2268 considerate
483 2206 625 2283 omnique
653 2205 683 2264 in
710 2224 742 2264 re
770 2204 844 2280 quid
871 2204 907 2263 sit
931 2189 1110 2264 vcri'iidere
1127 2231 1156 2262 ω

62 2322 89 2370 et
103 2308 179 2368 tueri
201 2307 297 2379 decet,
313 2316 473 2379 contraque
494 2304 555 2362 salli
579 2323 680 2376 errare,
696 2302 755 2362 labi
786 2301 883 2378 decipi
904 2313 964 2361 tam
986 2303 1111 2362 dedecet

316 2419 406 2475 quam
427 2399 548 2459 delirare
570 2411 599 2459 et
620 2410 719 2458 mente
740 2418 805 2459 esse
826 2410 945 2474 captum
955 2419 964 2470 3
985 2409 1014 2456 et
1031 2399 1111 2472 justa

315 2497 415 2556 omnia
428 2498 536 2556 decora
555 2507 631 2569 sunt,
653 2495 760 2555 iniusta
780 2507 881 2555 contra
901 2508 933 2554 ut
954 2494 1048 2572 turpia
1069 2496 1110 2555 sic

61 2580 215 2628 ³⁰¹¹¹¹¹¹d⁰‘
313 2592 459 2652 indecora.
502 2592 610 2652 Similis
631 2603 675 2651 est
695 2591 768 2650 ratio
789 2591 973 2651 fortitudinis.
1019 2594 1109 2667 Quod

61 2691 138 2750 enim
152 2689 275 2749 viriliter
295 2691 455 2767 animoque
474 2709 587 2766 magno
604 2691 644 2763 fit,
660 2689 692 2748 id
713 2688 834 2766 dignum
847 2688 909 2747 viro
924 2701 954 2747 et
968 2689 1108 2748 decorum
1124 2709 1151 2757 25

60 2789 184 2862 videtur,
201 2789 284 2863 quod
304 2799 414 2862 contra,
430 2786 462 2847 id
479 2799 512 2846 ut
527 2801 610 2864 turpe
625 2787 666 2846 sic
680 2786 862 2847 indecorum.
920 2804 966 2864 95.
1010 2789 1108 2863 Quare

59 2886 186 2963 pertinet
207 2881 330 2962 quidem
351 2887 390 2944 ad
411 2905 530 2945 omnem
551 2886 736 2944 honestatem
756 2886 823 2959 hoc,
845 2886 927 2961 quod
954 2884 1030 2957 dicq
1060 2887 1108 2946 de-

60 3005 170 3058 corum,
200 2997 231 3044 et
264 2985 304 3044 ita
338 2984 471 3061 pertinet,
500 2995 532 3042 ut
566 3002 627 3043 non
661 2982 813 3042 recondita
840 2984 967 3058 quadam
995 2982 1108 3042 ratione

60 3099 202 3154 cernatur,
226 3084 280 3141 sed
301 3082 338 3141 sit
358 3083 389 3141 in
409 3093 554 3159 promptu.
599 3083 652 3141 Est
672 3080 753 3140 enim
779 3080 929 3156 quiddam,
949 3079 1038 3156 idque
1066 3080 1108 3139 in-

60 3178 205 3255 tellegitur
236 3177 267 3236 in
300 3178 382 3237 omni
409 3179 522 3250 virtute,
557 3180 639 3254 quod
674 3180 785 3250 deceat,
818 3179 899 3253 quod
929 3177 1106 3254 cogitatione
1120 3197 1151 3242 3ο

60 3277 150 3353 magis
179 3296 197 3334 a
224 3275 330 3335 virtute
357 3288 455 3353 potest
483 3297 571 3352 qnam
599 3296 630 3336 re
658 3275 790 3352 separari.
836 3278 878 3336 Ut
912 3287 1048 3334 venustas
1077 3287 1106 3334 et

59 3373 247 3449 pulchritudo
268 3374 397 3450 corporis
416 3374 528 3433 secerni
547 3394 607 3433 non
628 3386 725 3451 potest
744 3393 764 3432 a
783 3373 959 3445 valetudine,
975 3373 1016 3431 sic
1037 3375 1104 3446 hoc,

61 3470 96 3530 de
124 3491 185 3547 quo
207 3471 363 3546 loquimur,
387 3473 527 3531 decorum
548 3482 644 3530 totum
666 3471 739 3529 illud
760 3470 881 3547 quidem
905 3483 949 3529 est
971 3489 1039 3552 cum
1052 3468 1105 3528 vir-

59 3577 119 3626 tute
133 3569 298 3640 confusum,
314 3569 367 3627 sed
381 3580 480 3628 mente
494 3581 523 3628 et
538 3567 714 3653 cogitatione
730 3566 922 3643 distinguitur.

76 3662 272 3705 TW⁰⁹⁰¹1⁵⁰fPW
371 3669 417 3742 96.
460 3668 513 3724 Est
532 3677 629 3724 autem
644 3665 707 3725 eius
722 3665 872 3742 discriptio
886 3667 1012 3742 duplex:
1034 3684 1101 3723 nam
1118 3685 1147 3734 35

61 2085 187 2135 wisdom,

60 2447 73 2500 J
79 2447 179 2498 ustice,

58 3712 136 3765 ptietyr
149 3726 200 3765 gen
220 3712 272 3765 tal,

105 3831 121 3867 r
137 3728 281 3883 pateantNO‘r
294 3816 341 3866 alii
355 3832 410 3864 cum
419 3815 509 3880 paritis
525 3813 589 3864 rodi
655 3819 664 3873 ll
730 3833 745 3881 4
762 3807 820 3866 iere
836 3814 913 3878 rodi,
930 3815 1001 3865 uitae
1014 3815 1051 3865 Or
1065 3813 1116 3869 Be,

51 3897 190 3955 merila
197 3897 250 3943 alit·
321 3923 324 3930 ·

980 4019 1068 4080 2-‘2
