2512 4192
78 202 113 238 ro
302 181 353 238 De
369 178 484 238 secundo
504 178 589 255 officii
597 178 682 253 fonte
699 179 760 237 sive
777 177 898 238 Iustitia
981 175 1010 258 [I
1026 195 1070 238 vu
1086 199 1122 237 20

75 375 181 432 operae
195 374 339 431 curaeque
354 365 489 431 ponetur,
505 353 536 413 id
556 354 618 414 iure
632 353 807 427 laudabitur,
825 353 902 413 utin
916 343 1076 431 astrologia
1089 356 1121 416 C.

74 451 237 528 Sulpicium
257 450 430 524 audivimus,
447 451 477 510 in
498 450 660 526 geometria
673 453 738 510 Sex.
755 448 932 526 Pompeium
946 450 1004 526 ipsi
1018 470 1125 528 cogno

74 546 179 619 vimus,
194 549 303 606 multos
322 546 353 605 in
374 545 544 619 dialecticis,
559 548 656 623 plures
675 545 706 604 in
726 545 787 606 iure
807 546 905 606 civili:
925 565 1003 623 quae
1022 565 1125 607 omues

74 655 150 703 artes
164 642 196 701 in
208 642 269 704 veri
283 642 506 718 investigatione
514 653 674 715 versantur,
686 641 769 702 cuius
781 642 879 702 studio
893 662 911 702 a
924 644 1013 703 rebus
1027 663 1126 720 geren·

74 739 121 798 dis
135 738 243 798 abduci
257 751 360 799 contra
373 739 503 799 officium
517 750 568 799 est.
611 738 735 798 Virtutis
750 738 830 799 enim
844 741 907 799 laus
922 740 1021 800 omnis
1035 740 1067 799 in
1080 760 1125 800 ac·
1151 771 1162 817 5

74 834 155 895 tione
170 835 310 909 consistit,
326 855 344 895 a
358 855 417 912 qua
424 846 525 895 tamen
535 837 568 895 fir
578 834 755 895 intermissio
765 855 853 911 saepe
861 835 1008 913 multique
1019 836 1126 896 dantur

75 933 114 991 ad
128 931 224 991 studia
237 932 367 1006 reditus;
387 943 451 991 tum
465 931 584 1008 agitatio
598 931 714 1004 mentis,
727 951 803 1008 quae
817 951 980 1008 numquam
992 932 1126 1011 adquies-

75 1027 123 1101 cit,
139 1039 236 1106 potest
250 1049 304 1088 nos
319 1028 349 1088 in
364 1028 467 1089 studiis
482 1027 657 1105 cognitionis
672 1027 761 1088 etiam
772 1028 835 1088 sine
847 1048 937 1104 opera
947 1041 1049 1091 nostra
1058 1049 1127 1090 con·

74 1123 175 1184 tinere.
219 1124 324 1186 Omnis
339 1136 437 1185 autem
451 1123 591 1201 cogitatio
604 1135 762 1201 motusque
777 1124 867 1183 animi
881 1136 931 1184 aut
945 1125 976 1183 in
996 1125 1126 1186 consiliis

76 1221 227 1298 capiendis
248 1223 285 1281 de
305 1223 393 1281 rebus
410 1219 542 1281 honestis
561 1231 591 1281 et
604 1219 820 1296 pertinentibus
834 1221 873 1279 ad
888 1222 965 1281 bene
978 1222 1125 1299 beateque
1139 1250 1165 1284 ro

75 1317 234 1377 vivendum
259 1328 309 1376 aut
336 1317 367 1376 in
391 1317 495 1376 studiis
523 1315 663 1377 scientiae
691 1315 926 1393 cognitionisque
954 1317 1124 1378 versabitur.

75 1418 122 1474 Ac
136 1416 173 1474 de
187 1413 418 1490 primoquidem
434 1412 522 1472 officii
536 1415 617 1472 fonte
632 1411 766 1473 diximus.

9 1526 61 1572 vll
77 1533 110 1574 of
125 1534 168 1574 ane
189 1531 287 1573 secono
388 1531 432 1568 20.
477 1512 524 1569 De
539 1509 630 1569 tribus
643 1521 744 1570 autem
757 1507 876 1587 reliquis
890 1509 1031 1572 latissime
1045 1522 1127 1589 patet

76 1583 286 1703 οῗὲῗᾞξῗ
327 1629 363 1669 ea
382 1607 456 1669 ratio
477 1628 536 1685 qua
559 1607 684 1668 societas
712 1607 867 1668 hominum
892 1607 968 1668 inter
995 1608 1077 1686 ipsos
1097 1621 1126 1670 et

110 1715 206 1778 ¹tao-t
215 1713 246 1752 60·
326 1703 403 1762 vitae
424 1702 508 1779 quasi
528 1702 724 1762 communitas
739 1703 914 1777 continetur,
930 1703 1015 1763 cuius
1029 1715 1126 1782 partes
1141 1725 1166 1773 15

101 1785 280 1890 TwJ⁰ups²Jf2sss¹t¹
329 1803 424 1875 duae3
444 1799 591 1873 iustitia,
627 1799 659 1859 in
686 1819 746 1876 qua
772 1799 885 1860 virtutis
913 1812 958 1860 est
986 1803 1127 1879 splendor

168 1887 210 1927 and

98 1937 274 1978 Beneficem
327 1897 480 1971 maximus,
495 1918 533 1958 ex
546 1917 605 1974 qua
624 1897 678 1957 viri
697 1897 770 1958 boni
790 1897 989 1974 nominantur,
1006 1910 1036 1959 et
1056 1899 1127 1958 huic

325 1992 485 2053 coniuncta
518 1993 773 2067 beneficentia,
803 2013 895 2070 quam
922 1998 1052 2059 eandem
1079 2001 1126 2060 vel

106 2087 258 2138 0fJ¹¹⁵²³⁶⁶²
326 2087 538 2166 benignitatem
552 2092 600 2149 vel
614 2082 818 2150 liberalitatem
832 2086 973 2168 appellari
987 2093 1063 2155 licet.

101 2149 138 2179 CH.
150 2149 252 2178 vlt-xm

128 2191 209 2235 ΜΗ
219 2203 249 2236 ⁴¹·
387 2190 447 2248 Sed
467 2187 626 2248 iustitiae
646 2187 774 2264 primum
788 2208 896 2248 munus
910 2201 963 2265 est,
979 2202 1012 2253 ut
1026 2211 1064 2253 ne
1078 2193 1126 2253 cui
1138 2218 1166 2252 ro

106 2262 295 2353 iiflffliimyl,
326 2284 391 2361 quis
419 2296 526 2345 noceat
553 2284 610 2344 nisi
637 2284 789 2345 lacessitus
816 2284 929 2361 iniuria,
956 2288 1066 2352 deinde
1094 2301 1126 2351 ut

81 2370 296 2464 {n‘ssssvggoetig‘ffp‘
325 2381 533 2442 communibus
553 2401 608 2458 pro
636 2382 844 2443 communibus
871 2394 977 2459 utatur,
1006 2386 1126 2463 privatis

75 2492 108 2539 ut
129 2479 195 2539 suis.
240 2499 288 2537 21.
330 2481 403 2539 Sunt
424 2490 523 2538 autem
541 2478 655 2555 privata
670 2480 752 2537 nulla
768 2491 880 2555 natura,
896 2482 950 2541 sed
963 2494 1015 2543 aut
1028 2485 1127 2546 vetere

40 2618 42 2623 -
76 2574 278 2652 occupatione,
300 2586 333 2635 ut
353 2575 404 2652 qui
417 2576 571 2652 quondam
593 2573 624 2634 in
644 2595 739 2634 vacua
753 2587 906 2650 venerunt,
928 2589 978 2638 aut
995 2578 1124 2654 victoria,

75 2683 108 2732 ut
127 2672 181 2749 qui‘
196 2674 275 2734 bello
293 2671 380 2749 potiti
397 2682 475 2744 sunt,
496 2682 546 2730 aut
561 2673 635 2749 lege,
652 2671 799 2748 pactione,
820 2673 1007 2760 condicione,
1029 2688 1107 2738 sorte
1120 2701 1126 2738 :
1139 2703 1166 2750 25

75 2789 113 2830 ex
141 2788 200 2846 quo
227 2762 259 2828 fit
287 2779 320 2828 ut
346 2787 415 2845 ager
438 2767 566 2844 Arpinas
586 2767 774 2844 Arpinatium
796 2768 917 2844 dicatur,
938 2773 1127 2833 Tusculanus

75 2867 321 2934 Tusculanorum,
370 2863 532 2940 similisque
559 2876 604 2925 est
625 2864 802 2941 privatarum
829 2865 1052 2942 possessionum
1079 2871 1128 2930 de

76 2962 203 3039 scriptio.
247 2964 293 3021 Ex
311 2980 380 3039 quo,
396 2960 466 3039 quia
486 2980 573 3020 suum
594 2960 736 3038 cuiusque
755 2963 796 3037 fit,
808 2981 911 3022 eorum
931 2983 1007 3041 quae
1024 2976 1128 3026 natura

76 3061 190 3119 fuerant
216 3058 395 3131 communia,
426 3059 508 3135 quod
535 3057 644 3134 cuique
669 3057 782 3134 optigit,
804 3057 837 3118 id
863 3059 988 3136 quisque
1008 3071 1127 3123 teneat:

76 3175 93 3216 e
120 3175 180 3233 quo
208 3154 233 3214 si
260 3154 325 3231 quis
353 3153 409 3214 sibi
436 3164 565 3232 appetet,
585 3153 708 3214 violabit
728 3154 774 3214 ius
801 3155 948 3216 humanae
968 3157 1125 3218 societatis.
1139 3186 1166 3232 30

78 3273 123 3312 22.
166 3252 225 3311 Sed
249 3251 399 3327 quoniam,
421 3261 453 3310 ut
474 3251 622 3328 praeclare
643 3250 785 3327 scriptum
805 3262 889 3311 esta
909 3253 1043 3328 Platone,
1066 3274 1127 3316 non

75 3347 161 3408 nobis
178 3350 275 3408 solum
295 3347 357 3407 nati
377 3367 478 3407 sumus
495 3331 634 3424 ortusque
648 3346 740 3407 nostri
753 3358 867 3424 partem
880 3347 974 3425 patria
986 3348 1126 3423 vindicat,

75 3455 188 3521 partem
207 3443 303 3517 amici,
319 3454 417 3520 atque,
438 3454 472 3503 ut
488 3444 585 3521 placet
602 3442 716 3517 Stoicis
732 3462 808 3520 quae
827 3443 859 3503 in
874 3443 957 3504 terris
970 3444 1127 3524 gignantur

126 3612 267 3661 aaudimus
281 3611 382 3660 Orcum
393 3611 462 3660 duob.
475 3612 542 3660 codd.
589 3615 600 3670 ll
647 3612 834 3676 8cogitationis
844 3614 917 3678 vulgo
962 3615 973 3671 11
1021 3611 1052 3664 16
1063 3615 1126 3664 duae
1167 3650 1172 3657 -

77 3696 153 3758 [sunt]
173 3697 224 3756 Or;
240 3696 305 3744 duae
320 3702 377 3744 sunt
391 3696 433 3744 Ba
444 3695 495 3744 Hei
502 3695 553 3755 Lu,
567 3695 631 3743 duae
637 3695 748 3758 plerique
757 3695 821 3745 codd.
854 3699 865 3755 ΙΙ
899 3705 929 3758 27
945 3695 1074 3761 discriptio
1084 3697 1125 3746 Ba

75 3779 117 3827 Lu
126 3794 182 3826 cum
195 3793 245 3826 uno
259 3776 334 3826 codice
367 3780 376 3834 ΙΙ
412 3793 445 3840 3ο
461 3792 491 3825 eo
502 3775 523 3824 si
540 3776 582 3840 qui
599 3776 646 3824 sibi
663 3776 719 3841 plus
733 3777 776 3838 Or,
789 3792 804 3826 e
815 3775 954 3841 quo...plus
964 3777 1018 3839 alii,
1031 3777 1125 3843 dequo

65 3859 152 3907 lsa'nae
181 3861 197 3917 ll
228 3873 262 3922 33
277 3858 387 3924 [partem
398 3857 527 3925 parentes]
541 3859 579 3908 Or
