2512 4192
59 115 115 175 111
129 130 238 174 xxxm
254 111 324 194 121]
365 116 413 174 De
431 117 598 174 contentane
616 114 738 174 Honesti
756 112 782 173 d
809 116 895 175 Utilis
1050 134 1106 191 139

60 297 95 346 ut
122 288 281 364 acceperis
330 291 521 366 Quamquam
548 290 580 348 hi
605 289 660 349 tibi
687 303 745 350 tres
771 290 836 349 libri
871 290 946 348 inter
973 289 1107 366 Cratippi

60 384 294 444 commentarios
326 396 479 462 tamquam
513 386 644 462 hospites
671 397 756 446 erunt
782 385 957 462 recipiendi:
991 388 1045 446 sed
1069 398 1110 458 ut,

61 481 87 539 si
114 480 181 557 ipse
206 482 352 541 venissem
378 484 521 555 Athenas,
546 485 628 559 quod
655 482 777 560 quidem
799 494 877 542 esset
904 484 1024 555 factum,
1053 483 1108 542 nisi
1141 541 1145 549 ,

61 597 113 636 me
142 597 160 636 e
186 578 288 638 medio
313 598 400 638 cursu
426 581 505 637 clara
531 599 605 639 voce
632 578 725 655 patria
752 591 925 650 revocasset,
949 579 1110 656 aliquando

62 691 113 731 me
149 691 270 748 quoque
296 674 422 745 audires,
450 675 502 745 sic,
530 673 673 750 quoniam
707 675 753 734 his
787 675 986 735 voluminibus
1013 677 1053 734 ad
1081 688 1110 734 te
1139 693 1153 743 s

61 770 198 846 profecta
216 790 275 842 vox
294 783 339 830 est
359 791 436 844 mea,
458 771 567 831 tribues
594 771 630 830 iis
653 771 793 847 temporis
821 784 964 848 quantum
991 771 1109 847 poteris,

59 864 175 941 poteris
195 878 293 926 autem
314 880 457 942 quantum
477 869 566 926 voles
610 869 688 927 Cum
715 887 785 927 vero
806 867 977 927 intellexero
1001 880 1031 926 te
1053 868 1111 926 hoc

61 962 206 1021 scientiae
226 981 333 1038 genere
353 966 490 1040 gaudere,
512 976 627 1024 tumet
648 983 786 1040 praesens
806 975 905 1024 tecum
926 966 1108 1041 propediem,

60 1071 95 1117 ut
131 1077 227 1134 spero,
255 1070 285 1117 et
311 1060 384 1118 dum
411 1060 514 1133 aberis,
543 1061 650 1120 absens
676 1062 790 1137 loquar.
843 1062 918 1120 Vale
945 1061 1039 1138 igitur,
1068 1064 1108 1120 mi

61 1153 181 1227 Cicero,
209 1155 323 1231 tibique
349 1158 494 1231 persuade
521 1176 586 1216 esse
613 1168 643 1216 te
670 1156 792 1232 quidem
819 1157 891 1215 mihi
918 1157 1106 1229 carissimum,
1123 1186 1151 1219 ιο

60 1253 118 1312 sed
133 1253 231 1310 multo
248 1254 310 1311 sore
326 1253 476 1325 cariorem,
496 1253 521 1312 si
537 1253 645 1312 talibus
666 1252 868 1312 monumentis
885 1254 1107 1331 praeceptisque

60 1351 219 1410 laetabere.

116 1513 127 1546 1
157 1504 183 1545 et
203 1497 230 1544 hi
251 1498 282 1545 St
294 1504 351 1561 post
370 1499 522 1547 Lambinum
539 1515 571 1547 ex
591 1499 683 1562 aliquot
700 1498 795 1561 opu'mis
816 1499 878 1546 cuia
905 1501 972 1546 ‘curn
996 1501 1106 1547 maxima

60 1578 129 1626 enim
146 1577 288 1625 urbani'tale
299 1586 324 1626 et
342 1578 509 1642 interpositum
527 1586 568 1627 est.
601 1580 790 1642 Intellegendum
811 1580 876 1626 enim
893 1588 916 1628 et
933 1582 1006 1629 ceteri
1028 1592 1052 1629 et
1072 1583 1107 1629 hi.

59 1659 92 1706 Si
109 1659 197 1707 abesset
211 1665 245 1714 et,
264 1660 392 1707 contraria
406 1663 524 1709 smtcntza
542 1661 651 1709 evaderet
666 1661 701 1718 hi,
720 1677 770 1710 non
787 1663 869 1717 ceteri,
886 1664 952 1725 quod
963 1672 1105 1726 perversum

58 1739 113 1788 est!
143 1744 154 1796 ΙΙ
188 1755 215 1788 11
233 1741 334 1789 monitis
349 1741 485 1790 Lambinus
496 1743 656 1806 probantibus
672 1743 752 1791 Helue
766 1744 812 1799 Lu,
828 1744 890 1806 conf
904 1755 912 1790 1
928 1742 1106 1806 §156,monu-

62 1820 155 1870 mentis
166 1822 207 1870 Ba
219 1822 258 1869 Al
265 1838 320 1870 cum
326 1824 449 1888 plerisque
458 1824 532 1880 codd„
545 1824 704 1872 monimentis
719 1825 755 1872 Or
765 1840 819 1871 cum
831 1824 908 1872 Beru.
919 1841 932 1873 c

433 2310 515 2352 'Llssltl
532 2314 627 2352 TERTII
647 2314 720 2370 Flnts
