2512 4192
36 36 57 85 ’χ
80 36 118 73 ’Ν

63 104 79 141 X

79 171 112 230 11
125 186 186 228 xxr
203 165 253 249 73]
487 189 561 246 quoe
577 178 660 246 opera
672 169 733 246 fiat
1085 171 1130 245 87·

77 336 143 413 quit
165 335 259 395 ‘malo
278 334 383 410 virum,
405 335 456 412 qui
475 336 603 413 pecunia
630 346 722 413 egeat,
744 356 834 413 quam
861 336 1027 412 pecuniam,
1048 355 1125 413 quae

77 431 161 492 viro?
203 433 264 492 Sed
279 432 408 510 corrupti
420 451 518 492 mores
533 432 743 510 depravatique
760 443 828 492 sunt
847 432 1040 492 admiratione
1055 431 1126 491 divi-

40 494 202 638 pffimm:
223 547 348 605 quarum
366 529 539 606 magnitudo
560 529 633 606 quid
650 531 690 589 ad
708 548 802 588 unum
823 549 972 606 quemque
991 539 1125 589 nostrum

35 562 227 783 >peruncti
269 627 358 684 Illum
379 627 500 685 fortasse
523 625 650 698 adiuvat,
668 624 720 702 qui
742 625 838 686 habet
880 629 928 686 Ne
950 626 982 686 id
1003 625 1124 703 quidem

79 738 206 796 semper.
250 721 310 780 Sed
324 721 497 806 ἷξε-ω
519 721 733 802 mame
747 720 793 794 sit,
808 720 959 781 honestior
975 740 1046 781 vero
1064 741 1125 798 quo
1155 742 1170 794 5

78 817 193 876 modo?
235 817 326 891 Quod
344 816 368 877 si
389 817 478 878 etiam
499 818 596 878 bonus
617 817 671 878 erit
689 818 740 891 vir,
762 837 801 878 ne
822 817 986 895 impediant
1006 818 1126 878 divitiae

80 932 142 989 quo
153 912 254 973 minus
264 913 388 987 iuvetur,
410 914 502 975 modo
523 934 562 974 ne
582 915 732 989 adiuvent,
753 915 849 991 sitque
870 934 958 975 omne
982 915 1124 975 iudicium

79 1029 151 1084 non,
167 1028 260 1086 quam
274 1010 413 1088 locuples,
429 1013 483 1072 sed
497 1011 590 1088 qualis
605 1011 730 1089 quisque
744 1011 788 1071 sit.
833 1014 1006 1072 Extremum
1025 1023 1124 1072 autem

104 1121 296 1182 Thelastruleto
333 1119 523 1185 praeceptum
547 1108 579 1168 in
601 1107 752 1168 beneficiis
778 1127 926 1185 operaque
953 1111 1060 1184 danda,
1085 1130 1124 1171 ne

79 1172 296 1273 militib?
335 1204 407 1282 quid
421 1217 524 1267 contra
538 1207 717 1283 aequitatem
736 1208 908 1281 contendas,
923 1228 962 1268 ne
980 1209 1053 1285 quid
1070 1229 1124 1286 pro
1141 1236 1169 1269 10

81 1304 194 1366 iniuria.
226 1305 465 1364 Fundamentum
482 1304 561 1365 enim
581 1316 624 1365 est
637 1316 799 1382 perpetuae,
812 1306 1079 1367 commendationis
1095 1319 1125 1368 et

82 1405 178 1463 famae
192 1401 311 1476 iustitia,
327 1401 391 1462 sine
405 1422 464 1480 qua
477 1403 550 1463 nihil
565 1413 663 1481 potest
677 1423 741 1464 esse
755 1404 910 1465 laudabile.

35 1512 72 1563 qq
92 1513 118 1564 (ι)
132 1512 300 1574 arrestata,
401 1517 447 1576 72.
483 1501 543 1561 Sed
564 1499 706 1577 quoniam
727 1502 766 1561 de
785 1521 821 1562 eo
842 1522 949 1579 genere
967 1503 1125 1564 beneficio·

83 1565 250 1656 {nepdumensm
258 1575 296 1613 μ’
335 1619 401 1659 rum
416 1599 529 1660 dictum
541 1610 594 1673 est,
606 1618 682 1676 quae
694 1599 733 1658 ad
747 1598 877 1677 singulos
891 1610 1033 1678 spectant,
1045 1600 1125 1661 dein-

85 1719 152 1777 ceps
167 1700 206 1759 de
222 1697 265 1771 iis,
281 1717 358 1775 quae
372 1698 410 1757 ad
424 1697 576 1757 universos
590 1715 725 1773 quaeque
739 1699 778 1757 ad
792 1717 854 1756 rem
875 1698 1024 1775 publicam
1039 1699 1125 1776 perti-
1140 1714 1167 1764 15

85 1806 163 1870 nent,
182 1796 396 1872 disputandum
420 1805 471 1856 est.
516 1796 627 1854 Eorum
649 1805 749 1854 autem
773 1794 905 1872 ipsorum
929 1796 1035 1872 partim
1061 1795 1124 1856 eius

86 1895 166 1956 modi
180 1904 259 1966 sunt,
274 1903 307 1953 ut
326 1895 366 1954 ad
379 1891 530 1952 universos
544 1891 622 1951 cives
636 1889 809 1969 pertineant,
824 1892 930 1969 partim
949 1893 1078 1970 singulos
1092 1904 1125 1953 ut
1144 1888 1147 1894 ’

87 1992 239 2071 attingant,
254 2011 331 2069 quae
345 2001 414 2052 sunt
428 1989 518 2051 etiam
530 1989 663 2068 gratiora
707 1991 817 2049 Danda
831 2009 920 2067 opera
934 2002 978 2051 est
993 1991 1124 2064 omnino,

69 2148 72 2155 .
109 2145 131 2186 N
146 2143 192 2185 um
216 2141 298 2185 ,stobe
336 2088 361 2149 si
379 2087 481 2165 possit,
496 2086 635 2164 utrisque,
655 2105 711 2146 nec
728 2086 826 2146 minus
845 2098 878 2146 ut
899 2087 988 2147 etiam
1004 2088 1125 2164 singulis

88 2159 145 2256 <long
151 2157 234 2255 foribs
247 2193 298 2234 saka
336 2187 514 2258 consulatur,
530 2185 583 2244 sed
596 2184 645 2256 ita,
661 2195 694 2244 ut
708 2203 743 2244 ea
755 2204 801 2244 res
815 2193 866 2243 aut
879 2185 970 2261 prosit
983 2195 1034 2244 aut
1048 2196 1126 2246 certe
1140 2210 1171 2243 20

88 2245 299 2356 ffiffiffli
337 2303 376 2344 ne
396 2282 474 2343 obsit
493 2281 535 2342 rei
555 2281 698 2359 publicae.
744 2283 777 2344 C.
794 2281 920 2342 Gracchi
940 2282 1128 2342 frumentaria

89 2345 299 2445 ii‘ei’i‘iiriiilgffi
337 2399 445 2457 magna
471 2378 605 2455 largitio:
627 2377 814 2438 exhauriebat
849 2377 937 2454 igitur
970 2378 1112 2438 aerarium
1118 2403 1127 2454 ;

90 2446 148 2488 uerat
337 2476 457 2537 modica
471 2478 514 2534 M.
531 2473 647 2537 Octavii
666 2485 696 2534 et
714 2473 757 2534 rei
770 2473 907 2551 publicae
921 2474 1079 2534 tolerabilis
1098 2486 1128 2536 et

91 2562 166 2658 plebi
179 2575 362 2639 necessaria:
380 2592 450 2650 ergo
469 2584 499 2634 et
515 2572 628 2633 civibus
642 2582 671 2632 et
685 2571 727 2631 rei
742 2571 879 2648 publicae
895 2572 1035 2631 salutaris.
1080 2589 1125 2648 73.

112 2716 190 2759 Duff„
216 2713 241 2756 ot
263 2713 299 2755 ,he
339 2669 499 2748 Inprimis
526 2679 627 2728 autem
654 2667 817 2728 videndum
845 2667 899 2726 erit
926 2666 961 2741 ei,
987 2666 1038 2743 qui
1065 2687 1127 2727 rem
1140 2685 1171 2736 25

93 2766 197 2810 ΜΝ
231 2763 257 2806 ⁰f
287 2777 301 2805 ²
338 2767 488 2847 publicam
506 2763 733 2837 administrabit,
745 2774 777 2823 ut
792 2783 878 2823 suum
892 2763 1017 2840 quisque
1030 2775 1128 2825 teneat

93 2816 192 2918 8ῗὲἹο
212 2863 300 2917 emti&
337 2885 435 2944 neque
457 2867 496 2926 de
520 2863 605 2925 bonis
625 2862 805 2940 privatorum
828 2861 946 2938 publice
965 2863 1129 2924 deminutio

92 2913 303 3021 iiioihiitiermmf
336 2965 395 3022 fiat
437 2958 605 3020 Perniciose
633 2956 713 3017 enim
740 2955 900 3033 Philippus
914 2955 945 3015 in
969 2957 1128 3032 tribunatu,

92 3085 155 3128 cum
169 3068 268 3143 legem
282 3060 425 3138 agrariam
438 3059 533 3129 ferret,
549 3075 639 3133 quam
653 3066 753 3115 tamen
771 3055 916 3132 antiquari
929 3055 1013 3117 facile
1026 3077 1129 3134 passus

93 3176 131 3226 est
149 3174 180 3226 et
200 3163 232 3222 in
253 3180 291 3222 eo
308 3159 499 3220 vehementer
512 3175 543 3216 se
560 3151 747 3216 moderatum
765 3153 993 3230 praebuit—sed
1011 3175 1079 3215 cum
1098 3156 1129 3215 in
1142 3177 1173 3225 30

93 3262 204 3339 agendo
222 3258 317 3317 multa
333 3252 513 3332 populariter
528 3264 593 3313 tum
606 3251 680 3311 illud
697 3250 783 3323 male,
798 3269 859 3310 non
878 3269 941 3310 esse
962 3249 992 3309 in
1013 3251 1130 3312 civitate

94 3355 253 3422 duomilia
271 3350 502 3430 hominum‚qui
521 3370 584 3411 rem
604 3351 755 3411 haberent.
799 3349 940 3428 Capitalis
960 3346 1054 3409 oratio
1072 3360 1124 3419 est,

94 3458 129 3519 ad
140 3452 349 3534 aequationem
362 3451 506 3511 bonorum
519 3446 677 3524 pertinens,
692 3466 752 3524 qua
764 3459 848 3524 peste
861 3465 937 3522 quae
951 3456 1049 3523 potest
1064 3464 1128 3505 esse

90 3540 197 3623 maior?
237 3558 331 3617 Hanc
348 3550 429 3614 enim
444 3550 484 3610 ob
504 3566 624 3608 causam
643 3563 788 3617 maxume,
807 3555 839 3603 ut
858 3562 911 3602 sua
927 3552 1129 3615 tenerent,res

90 3657 224 3737 publicae
237 3650 430 3727 civitatesque
443 3644 621 3707 constitutae
635 3652 711 3703 sunt
755 3643 835 3701 Nam
853 3639 908 3701 etsi
929 3640 1005 3700 duce
1026 3651 1130 3701 natura
1142 3652 1171 3707 35

135 3802 165 3857 ¹9
173 3790 205 3839 nt
212 3781 325 3849 utrinque
334 3778 472 3831 Lam
504 3778 515 3836 ll
539 3789 568 3839 32
581 3772 693 3840 capitalis
702 3772 780 3822 oratio
791 3778 817 3822 et
828 3772 873 3830 Or,
879 3770 996 3836 capitalis
1005 3770 1088 3820 orado
1099 3777 1141 3821 est

91 3866 149 3921 aa
182 3868 199 3927 Ι
230 3854 616 3935 ηψωμψιιαᾶὤ,
631 3864 745 3910 tenerent
756 3873 815 3909 cum
828 3857 918 3925 paucis
933 3855 971 3908 Or
985 3853 1067 3904 Heinc
1080 3852 1124 3901 Lo
