2512 4192
144 156 181 214 86
460 236 463 242 .
532 155 583 214 De
600 173 632 214 ea
650 154 822 230 bmqficenttb
1024 149 1072 235 [II
1086 170 1133 213 xx
1145 157 1184 238 69

78 353 129 402 xx
169 366 234 406 ΙΝ
235 365 308 407 nen-„d
277 378 354 416 „333
412 323 415 330 ’
455 325 502 398 69.
546 323 607 383 Sed
628 341 697 382 cum
719 321 750 382 in
773 320 944 383 hominibus
971 319 1108 380 iuvandis
1135 332 1187 382 aut

142 428 242 506 {3330133
242 416 353 516 c3¹33‘33
390 438 487 479 mores
501 417 627 496 spectari
643 428 695 478 aut
683 421 831 478 tfortuna
844 418 947 491 soleat,
962 417 1045 478 dictu
1063 418 1188 495 quidem

142 495 353 616 sor1133333·“¹333³¹33
391 527 435 578 est
448 516 577 594 proclive
591 514 692 593 itaque
710 516 800 593 volgo
813 518 984 593 loquuntur,
999 535 1031 577 se
1052 515 1085 576 in
1098 517 1190 579 bene-

142 579 239 716 9990999
240 666 285 706 9999
261 616 353 706 0090909990
390 613 464 673 ficiis
478 612 660 674 collocandis
674 632 771 673 mores
779 611 944 685 hominum,
959 631 1022 672 non
1036 614 1188 674 fortunam

142 729 301 807 9090999999
226 716 306 756 00000
305 725 354 816 9900
392 709 485 786 sequi.
528 711 669 770 Honesta
690 709 785 770 oratio
803 719 855 769 est
898 709 958 770 Sed
976 708 1042 785 quis
1060 720 1107 771 est
1125 720 1189 771 tan-
1217 732 1225 780 0

143 816 273 907 9900099900
288 817 353 858 0000
392 809 470 881 dem,
487 806 538 884 qui
557 806 654 883 inopis
672 817 702 867 et
721 817 772 883 opt
773 805 825 865 imi
838 805 897 866 viri
906 825 1012 872 causae
1026 824 1091 866 non
1104 819 1189 870 ante-

167 879 226 907 m)
236 879 290 917 ary
390 915 483 982 ponat
502 904 534 963 in
554 922 644 981 opera
664 904 764 964 danda
784 901 907 980 gratiam
927 900 1068 962 fortunati
1086 912 1118 963 et
1137 923 1190 981 po

142 1010 205 1060 tent
142 1000 248 1060 ttis?
287 1004 316 1062 A
337 1021 398 1079 quo
422 1002 501 1062 enim
524 999 688 1078 expeditior
708 1009 738 1060 et
758 999 880 1059 celerior
901 998 1100 1060 remuneratio
1124 1002 1189 1061 sore

142 1095 265 1169 videtur,
280 1096 312 1156 in
326 1116 395 1158 eum
415 1099 476 1158 fere
489 1107 534 1156 est
547 1098 683 1157 voluntas
704 1104 804 1156 nostra
823 1094 1003 1171 propensior.
1048 1095 1110 1156 Sed
1129 1095 1190 1155 ani·

143 1193 389 1254 madvertendum
408 1203 453 1254 est
469 1192 647 1270 diligentius,
669 1211 746 1269 quae
765 1202 871 1252 natura
887 1211 986 1251 rerum
1004 1189 1051 1253 sit
1094 1192 1189 1252 Nimi-
1203 1212 1225 1248 00

143 1308 209 1349 rum
229 1289 309 1350 enim
331 1291 416 1368 inops
438 1291 496 1365 ille,
516 1290 541 1350 si
557 1292 654 1351 bonus
673 1300 718 1350 est
735 1288 786 1364 vir,
800 1289 889 1350 etiam
903 1286 1044 1350 sireferre
1063 1289 1188 1366 gratiam

143 1405 204 1446 non
217 1398 324 1464 potest,
338 1389 447 1449 habere
461 1398 539 1448 certe
553 1396 658 1465 potest
702 1387 870 1448 Commode
884 1396 993 1460 autem,
1004 1385 1189 1464 quicumque

144 1482 226 1558 dixit,
244 1485 413 1562 ‘pecuniam
427 1483 478 1562 qui
491 1485 608 1559 habeat,
618 1503 680 1544 non
694 1482 868 1556 reddidisse,
878 1482 930 1559 qui
943 1482 1116 1558 reddiderit,
1125 1504 1187 1546 non

143 1580 260 1653 habere,
287 1581 409 1659 gratiam
427 1591 528 1641 autem
546 1590 576 1640 et
597 1579 648 1657 qui
668 1578 811 1640 rettulerit
831 1579 942 1639 habere
960 1588 990 1638 et
1008 1577 1062 1655 qui
1080 1579 1186 1640 habeat

143 1676 306 1737 rettulisse’
346 1679 387 1737 At
407 1675 458 1753 qui
478 1696 511 1737 se
530 1677 693 1754 locupletes
713 1675 873 1735 honoratos
898 1675 1002 1734 beatos
1030 1685 1147 1752 putant,
1166 1674 1221 1742 0000

144 1792 182 1833 ne
196 1774 318 1852 obligari
332 1774 454 1852 quidem
468 1772 613 1835 beneficio
627 1773 745 1833 volunt:
772 1771 845 1849 quin
858 1769 949 1831 etiam
961 1771 1144 1855 beneficium
1156 1790 1185 1832 se

144 1870 263 1931 dedisse
281 1871 465 1947 arbitrantur,
487 1891 555 1933 cum
572 1870 628 1948 ipsi
650 1870 784 1948 quamvis
800 1889 942 1948 magnum
963 1868 1088 1946 aliquod
1109 1888 1186 1931 acce·

143 1966 248 2042 perint,
270 1979 359 2046 atque
383 1969 472 2030 etiam
496 1988 515 2029 a
537 1989 569 2031 se
589 1979 640 2030 aut
662 1967 803 2046 postulari
827 1978 878 2028 aut
893 1967 1058 2044 exspectari
1076 1967 1185 2045 aliquid

144 2066 336 2143 suspicantur,
352 2067 516 2145 patrocinio
529 2086 601 2130 vero
621 2085 653 2128 se
667 2085 736 2128 usos
751 2077 801 2126 aut
815 2065 938 2126 clientes
957 2065 1100 2142 appellari
1112 2084 1185 2127 mor·

144 2162 181 2221 tis
209 2163 299 2223 instar
325 2175 439 2241 putant.
483 2178 530 2240 70.
566 2167 608 2225 At
629 2183 700 2224 vero
727 2163 778 2224 ille
805 2161 913 2237 tenuis,
937 2181 1015 2237 cum,
1042 2161 1219 2240 quidquido

144 2259 255 2320 factum
276 2260 322 2332 sit,
338 2280 370 2323 se
389 2271 564 2338 spectatum,
579 2281 643 2323 non
662 2262 811 2322 fortunam
832 2269 924 2336 putat,
940 2279 1002 2320 non
1023 2260 1118 2321 modo
1136 2257 1184 2331 illi,

144 2354 196 2431 qui
217 2366 261 2415 est
279 2356 409 2431 meritus,
424 2359 478 2418 sed
498 2356 587 2418 etiam
603 2356 668 2431 illis,
683 2376 702 2417 0
719 2357 827 2434 quibus
844 2367 1090 2435 expectat-eget
1109 2355 1185 2418 enim

144 2452 292 2526 multis-,
304 2463 419 2530 gratum
433 2473 465 2515 se
474 2453 568 2514 videri
581 2455 694 2517 studet:
712 2473 810 2531 neque
819 2473 888 2515 vero
899 2453 995 2514 verbis
1005 2464 1185 2531 augetsuum

144 2568 261 2622 munus,
277 2549 301 2610 si
316 2569 375 2627 quo
389 2551 464 2612 forte
482 2549 621 2627 fungitur,
636 2551 689 2611 sed
706 2549 795 2611 etiam
816 2560 962 2610 extenuat.
1004 2549 1185 2610 Videndum-

145 2665 203 2722 que
218 2647 291 2707 illud
305 2659 359 2721 est,
373 2648 466 2725 quod,
481 2647 506 2707 si
520 2649 697 2724 opulentum
709 2647 950 2722 fortunatumque
966 2644 1142 2720 defenderis,
1155 2644 1183 2705 in
1196 2657 1221 2708 00

145 2762 206 2803 uno
225 2744 277 2804 illo
297 2755 357 2816 aut,
376 2743 400 2804 si
419 2746 504 2818 forte,
519 2742 551 2802 iu
571 2742 669 2803 liberis
691 2740 754 2803 eius
772 2752 874 2803 manet
893 2741 999 2818 gratia:
1026 2741 1185 2804 sinautem

146 2840 274 2917 inopem,
289 2841 416 2918 probum
436 2851 537 2901 tamen
558 2850 588 2901 et
605 2840 782 2912 modestum,
797 2857 902 2900 omnes
918 2857 980 2899 non
998 2837 1126 2916 improbi
1137 2840 1187 2899 hu·

146 2936 240 3010 miles,
261 2956 338 3014 quae
361 2956 470 3015 magna
489 2936 520 2998 in
541 2938 652 3014 populo
673 2936 833 2997 multitudo
855 2945 909 3009 est,
929 2933 1110 3011 praesidium
1132 2934 1187 2996 sibi

146 3046 280 3109 paratum
293 3034 404 3094 vident.
448 3051 495 3110 71.
531 3034 630 3108 Quam
645 3034 761 3094 obrem
775 3031 880 3093 melius
893 3033 974 3108 apud
987 3033 1086 3093 bonos
1099 3051 1186 3111 quam

147 3131 228 3211 apud
249 3133 413 3191 fortunatos
435 3129 615 3191 beneficium
637 3129 775 3190 collocari
801 3140 883 3207 puto.
927 3130 1039 3191 Danda
1065 3129 1225 3206 omnino3o

147 3274 357 3375 9999999999
298 3338 356 3366 9999
396 3246 508 3398 69999009
498 3237 543 3288 est
556 3237 589 3287 ut
608 3226 803 3385 omniogetne3i
823 3225 893 3288 satis
909 3227 1185 3398 009999999909999009099009099

394 3344 426 3384 00
485 3343 511 3384 00
536 3343 583 3385 000
610 3344 642 3384 000
669 3343 780 3385 enen
803 3343 893 3385 onem
919 3343 939 3383 v

267 3375 356 3415 oreed-

147 3437 278 3515 9099
243 3425 291 3475 oble
279 3432 333 3523 90909
335 3425 360 3515 90
395 3420 610 3483 Themistocles
633 3431 679 3482 est
702 3431 804 3481 auctor
828 3417 1028 3495 adhibendus,
1046 3418 1100 3498 qui
1118 3439 1184 3481 cum

146 3536 204 3616 909099
200 3525 336 3616 33333333'
325 3537 362 3616 9099
397 3519 604 3592 consuleretur,
619 3529 717 3578 utrum
732 3515 854 3578 bono
826 3535 888 3578 vrro
902 3514 1025 3594 pauperi
1037 3534 1078 3577 an
1090 3515 1181 3577 minus

396 3612 522 3688 probato
543 3611 626 3672 diviti
648 3611 739 3672 filiam
759 3611 937 3674 collocaret.
957 3608 1153 3689 ‘Egovero¹·
1143 3622 1212 3681 00·οΙ

197 3780 228 3826 ²4
244 3770 295 3824 aut,
312 3764 332 3813 si
344 3763 413 3821 sorte,
431 3764 457 3812 in
473 3763 566 3814 liberis.
603 3765 726 3814 ‘Sanctus
736 3765 801 3816 locus
812 3771 850 3815 est
864 3780 898 3815 aa·
912 3764 992 3817 m
1008 3760 1179 3837 edwi
1208 3730 1213 3737 Ι

139 3845 213 3907 aalys
227 3846 251 3894 sr'
264 3846 401 3907 onn‘tlitur,
418 3847 494 3914 quasi
508 3854 552 3900 aut
567 3845 632 3898 forte
644 3855 692 3918 pro
707 3854 752 3899 aut
764 3846 894 3901 tutoni
1066 3842 1091 3888 Μ
1103 3836 1136 3872 *²
1222 3902 1225 3909 ,
