2512 4192
124 331 192 391 The
209 327 337 390 editions
353 327 449 390 which
468 333 483 390 1
504 300 580 392 have
597 331 692 391 found
710 342 788 391 most
801 332 895 392 useful
909 330 940 390 iu
954 331 1110 409 preparing
1176 336 1179 340 '

61 447 114 515 ¹my
126 428 330 506 commentary
344 448 393 489 are
407 448 439 489 as
453 430 566 489 follows
578 451 625 487 :—

111 557 150 607 M.
163 557 195 609 T.
210 558 338 608 Ciceronis
352 559 384 609 de
395 559 482 609 officiis
492 560 525 608 ad
537 561 651 610 Marcum
662 559 741 608 hlium
754 559 812 608 libri
827 567 884 609 tres.
920 558 996 608 Notis
1009 557 1116 608 illustra-

65 637 98 687 vit
106 637 134 687 Z.
146 639 249 698 Pearce,
260 638 377 700 Londini,
392 653 461 703 1754.
471 642 486 690 8
497 639 554 688 mai.
568 637 637 704 (with
648 639 706 689 MS.
714 645 785 688 notes
796 639 829 703 by
837 639 904 704 John
916 638 1016 703 Taylor,
1026 638 1116 688 LL.D.

65 719 89 768 iu
99 720 143 768 the
156 719 303 784 University
315 721 420 786 Library
431 721 460 771 oi
468 722 639 786 Cambridge).

107 825 178 874 [Usus
191 840 206 867 x
220 826 280 868 codd
292 826 404 877 Anglican.
413 835 436 869 et
443 828 491 869 edd
502 836 555 870 vett.
565 828 640 870 summi
652 827 755 870 acuminis
764 829 848 870 criticus
857 827 939 869 addidit
948 835 1009 869 notas
1017 824 1115 878 egregias

64 903 111 932 suas
119 899 143 933 et
150 890 240 932 Ioannis
249 892 382 944 Chapmanni
389 901 454 944 atque
462 894 564 946 pauculas
572 895 646 936 Ioanu.
656 893 752 935 Walkeri
761 903 782 934 et
792 894 866 937 Franc.
879 894 937 946 Sayi.
963 895 1040 944 aaran]

109 975 142 1024 de
153 974 243 1024 officiis
253 975 311 1023 libri
322 981 378 1024 tres.
413 977 548 1026 Recensuit
559 986 584 1028 et
595 977 695 1026 scholiis
711 978 762 1026 Iac.
776 979 797 1026 F
798 977 911 1027 acciolati
928 977 1026 1042 suisque
1037 977 1115 1028 anim·

63 1056 251 1106 adversionibus
261 1057 376 1106 instruxit
386 1058 452 1122 Aug.
467 1058 555 1108 Gotth.
568 1059 707 1108 Gemhard.
742 1058 850 1123 Lipsiae,
867 1059 935 1108 1811.
954 1061 969 1109 8
980 1059 1039 1108 mai.

106 1155 158 1202 [Ed.
169 1155 349 1207 emendatissima,
364 1163 423 1197 textu
436 1155 503 1207 perite
520 1164 543 1196 et
560 1163 622 1197 caute
638 1156 759 1206 constituto,
777 1169 833 1208 quae
850 1156 925 1197 horum
941 1154 988 1199 libr.
1000 1155 1114 1199 lectionem

62 1223 216 1274 expeditiorem
224 1223 317 1264 reddidit
325 1222 460 1274 studiumque
467 1223 555 1264 adiuvit.
583 1225 658 1273 neren]

108 1306 142 1354 de
158 1305 248 1354 officiis
264 1304 321 1354 libri
337 1311 396 1354 tres.
429 1305 472 1354 Ad
487 1304 754 1370 praestantissimorum
768 1319 923 1370 quorumque
937 1304 1115 1369 exemplarium

61 1387 136 1436 fidem
157 1387 285 1437 emendati
310 1394 334 1436 et
354 1403 411 1436 cum
434 1388 619 1437 commentariis
638 1387 698 1436 editi
721 1403 737 1435 a
759 1387 850 1436 Carolo
873 1386 970 1436 Beiero.
1003 1386 1111 1452 Lipsiae,

63 1472 199 1520 1820-21.
215 1470 314 1518 aToru.
330 1469 415 1518 8mai.

106 1564 191 1614 [Editio
203 1563 383 1616 praestantissima
399 1576 454 1615 quae
466 1563 594 1615 permultum
607 1562 696 1605 contulit
711 1563 739 1604 ad
754 1561 866 1606 rectiorem
881 1562 957 1605 horum
973 1562 1074 1607 librorum
1091 1571 1113 1606 et

60 1635 123 1676 crisin
132 1642 155 1674 er
165 1632 366 1683 interpretationem.
395 1632 488 1680 ornam]

107 1718 140 1766 de
154 1716 243 1766 officiis
258 1716 315 1764 libri
329 1725 387 1765 tres.
420 1716 462 1765 Ad
474 1715 553 1764 solam
565 1716 702 1781 priscorum
714 1714 892 1779 exemplarium
904 1714 980 1764 fidem
991 1713 1114 1764 recensuit

60 1798 214 1862 adiectisque
233 1798 271 1845 lo.
288 1796 419 1845 Michaelis
437 1797 587 1860 Heusingeri
610 1804 634 1845 et
652 1796 702 1844 suis
719 1796 920 1844 adnotationibus
942 1795 1114 1859 explicatiores

60 1880 171 1928 editurus
189 1885 241 1927 erat
258 1877 365 1927 Iacobus
381 1878 402 1926 F
403 1877 520 1926 ridericus
536 1877 684 1940 Heusinger.
721 1877 865 1925 Editionern
882 1891 897 1924 a
914 1876 990 1926 Conr.
1004 1875 1113 1925 Heusin-

59 1976 128 2025 gero,
155 1959 243 2009 Iacobi
262 1958 291 2007 sr.
310 1958 369 2019 filio,
392 1967 503 2008 curatam
520 1959 634 2022 repetivit
651 1958 750 2021 suisque
770 1957 1024 2007 animadversionibus
1044 1955 1113 2006 auxit

60 2042 119 2091 Car.
131 2040 199 2089 Tim.
212 2041 348 2104 Zumptius.
382 2040 541 2103 Brunsvigae,
558 2042 627 2101 1838.
640 2039 654 2088 8
666 2040 725 2088 mai.

107 2141 141 2190 de
158 2141 246 2190 officiis
262 2140 318 2188 libri
334 2147 392 2188 tres.
426 2138 491 2187 Cum
506 2138 604 2187 selectis
619 2138 780 2210 I'o.,hlic·h.et
795 2137 846 2188 Iac.
861 2137 930 2186 Frid.
943 2136 1112 2202 Heusingero·
1170 2185 1172 2190 ,
1202 2186 1204 2190 ,

60 2239 115 2272 rum
131 2223 232 2286 suisque
248 2221 314 2270 notis
330 2220 472 2269 scholarum
488 2220 514 2267 in
531 2234 602 2267 usum
618 2210 709 2267 iterum
725 2219 805 2268 edidit
822 2219 879 2268 Car.
891 2219 957 2267 Tim.
973 2218 1111 2283 Zumptius.

61 2304 222 2368 Brunsvigae,
238 2305 306 2368 1849.
343 2302 429 2350 8miu

109 2403 141 2452 de
163 2401 251 2451 officiis
279 2400 335 2450 libri
358 2406 415 2450 tres.
458 2400 592 2449 Recensuit
615 2399 765 2464 Rudolphus
788 2399 965 2463 Stuerenburg.
1002 2399 1109 2449 Accedit

60 2482 271 2532 Commentarius.
299 2480 408 2545 Lipsiae,
426 2480 496 2542 1843.
514 2478 598 2527 8mai.
611 2479 651 2528 ed.
665 2495 689 2528 a.

105 2577 189 2628 [Editio
211 2577 289 2626 critica,
307 2575 379 2618 multis
399 2574 520 2616 nominibus
540 2575 715 2624 commendanda,
733 2574 755 2615 in
772 2587 816 2626 qua
832 2573 923 2615 maxime
941 2572 1035 2625 sequitur
1057 2574 1109 2616 Cod.

59 2648 191 2690 Bemensem
200 2645 285 2687 tertium
294 2645 328 2696 (cl,
339 2643 432 2686 omnium
441 2643 511 2684 adhuc
520 2643 642 2684 collatorum
651 2642 759 2693 optimum.
787 2642 880 2690 oretur]

107 2735 141 2783 de
158 2732 245 2783 officiis
261 2732 293 2781 ad
311 2733 424 2780 Marcum
441 2730 520 2778 filium
537 2729 594 2778 libri
610 2737 667 2778 tres
702 2729 819 2778 Erklaert
835 2743 885 2776 von
902 2727 933 2778 G.
954 2727 997 2776 Fr.
1015 2726 1109 2792 Unger.

58 2815 171 2880 Leipzig,
189 2815 259 2876 1852.
278 2813 294 2861 8
305 2812 364 2860 mai.
383 2811 483 2875 (Haupt
494 2810 544 2859 and
557 2809 679 2874 Sauppe's
691 2809 775 2859 Greek
786 2809 835 2858 and
848 2808 922 2857 Latin
934 2807 1035 2869 Series).

108 2913 140 2962 de
160 2911 248 2963 officiis
269 2911 301 2960 ad
320 2911 436 2959 Marcum
456 2909 535 2959 filiurn
557 2909 615 2958 libri
635 2917 692 2958 tres.
727 2908 843 2958 Erklaert
865 2922 914 2957 von
937 2906 999 2957 Otto
1017 2907 1108 2959 Heine.

58 2996 153 3052 Berlin,
178 2994 253 3043 eda
283 2992 351 3053 1861,
379 2992 453 3056 ed.3
482 2990 551 3049 1866,
576 2991 650 3052 ed.4
672 2993 741 3054 1871,
761 2990 799 3040 ed.
819 3002 833 3052 5
856 2989 1043 3054 1878·(Haupt
1062 2990 1112 3038 and

59 3079 161 3142 Sauppe
172 3072 274 3139 Series).

107 3177 140 3226 de
151 3174 238 3225 officiis
249 3172 306 3222 libri
317 3179 374 3222 tres.
409 3172 472 3221 Zum
485 3169 701 3235 Schulgebrauche
712 3167 913 3233 herausgegeben
925 3182 974 3216 von
987 3166 1111 3217 Iohannes

58 3269 108 3304 von
119 3253 227 3304 Gruber.
261 3252 371 3318 Leipzig,
383 3252 424 3301 ed.
439 3266 449 3300 1
466 3249 536 3313 1856,
548 3250 587 3300 ed.
603 3265 617 3298 a
632 3247 701 3299 1866.

107 3354 139 3403 de
150 3351 239 3400 officiis
249 3349 308 3400 libri
318 3357 374 3399 tres.
397 3346 468 3397 With
479 3347 585 3412 English
596 3352 667 3395 notes
678 3344 713 3407 by
723 3343 754 3394 T.
768 3343 803 3392 A.
815 3341 937 3403 Thacher,
952 3343 1017 3393 New
1029 3340 1108 3402 York,

61 3436 131 3498 1850.
149 3432 238 3482 8min.

106 3529 139 3578 de
155 3525 243 3577 officiis
259 3525 292 3575 ad
303 3525 418 3575 Marcum
433 3522 512 3572 filium
522 3521 580 3571 libri
591 3529 650 3571 tres.
672 3520 714 3569 Til
727 3517 869 3583 Skolebrug
879 3516 1024 3582 bearbejdet
1035 3516 1063 3567 ei
1072 3518 1111 3566 Dr

59 3611 144 3674 Georg
154 3609 185 3658 F.
196 3608 230 3656 V.
243 3605 326 3666 Lund,
339 3605 421 3655 auden
433 3605 547 3669 Udgave,
560 3599 737 3665 Kjiibenhavn,
755 3599 825 3667 1869,
839 3600 854 3649 8
866 3598 924 3649 mai.

106 3705 139 3756 de
149 3703 239 3754 officiis
252 3701 310 3752 libri
321 3710 370 3753 tres
381 3701 419 3752 sur
430 3699 529 3751 schiller
539 3699 632 3749 erklirt
644 3714 693 3746 von
704 3698 742 3746 Dr
751 3697 811 3747 Carl
822 3696 947 3762 Tnckmg
958 3696 1108 3759 Paderboru,

61 3786 130 3852 1⁸79»
144 3783 231 3836 emat
