2512 4192
68 193 135 253 1111
154 190 184 274 7]
473 194 613 270 Dqfimta
632 194 717 270 officii
1102 208 1119 271 5

65 389 169 440 mh„
224 402 283 449 ⁵9¹¹¹⁰
321 355 451 415 officium
469 375 558 416 omne
576 365 751 433 pervertant.
795 356 875 413 Nam
895 352 948 430 qui
970 372 1120 413 summum

65 439 284 541 :clwss'gffg‘ffiffissss
321 454 435 511 bonum
456 451 499 511 sic
515 451 640 512 instituit
658 463 691 512 ut
709 449 783 510 nihil
801 452 909 511 habeat
925 470 995 510 cum
1013 450 1120 513 virtute

65 540 283 640 gssnsshgffiffgg
320 548 522 622 coniunctum,
537 548 628 625 idque
652 547 712 608 suis
733 548 908 621 commodis,
931 567 992 607 non
1012 549 1120 609 hones·

65 641 284 732 {gssoffigess’ciffsslffi
321 655 381 705 tate
403 645 530 719 metitur,
549 645 607 718 hic,
623 645 648 704 si
666 645 723 704 sibi
739 645 802 722 ipse
823 645 988 722 consentiat
1006 657 1036 707 et
1057 666 1118 707 non
1183 662 1185 666 ·

64 740 284 844 affimant
320 739 470 800 interdum
484 752 604 800 naturae
623 740 756 800 bonitate
774 740 915 815 vincatur,
930 760 1028 817 neque
1048 741 1119 801 ami-
1147 764 1162 812 5

320 836 420 896 citiam
444 839 541 898 colere
561 836 654 914 possit
675 856 731 896 nec
755 836 895 896 iustitiam
919 857 975 896 nec
995 837 1119 898 liherali·

64 944 178 995 tatem:
210 933 295 995 fortis
322 953 392 995 vero
426 936 561 995 dolorem
589 955 738 994 summum
765 936 877 994 malum
903 934 1038 996 iudicans
1065 948 1117 997 aut

63 1041 235 1107 temperans
261 1033 445 1108 voluptatem
473 1051 622 1092 summum
650 1033 764 1091 bonum
792 1042 923 1092 statuens
946 1050 1010 1092 esse
1037 1042 1117 1091 certe
1170 1022 1196 1075 Χ

63 1128 148 1186 nullo
164 1128 256 1186 modo
271 1138 377 1203 potest.
421 1131 448 1187 6.
492 1129 577 1203 Quae
592 1146 771 1203 quamquam
791 1127 832 1186 ita
846 1138 914 1187 sunt
928 1127 959 1186 in
975 1137 1124 1204 promptu,

63 1233 98 1283 ut
110 1243 158 1283 res
173 1223 375 1299 disputatione
389 1243 450 1283 non
465 1234 557 1301 egeat,
574 1234 674 1283 tamen
689 1235 790 1284 sunta
803 1225 890 1284 nobis
903 1225 962 1284 alio
976 1226 1044 1284 loco
1058 1224 1115 1285 dis·
1131 1253 1160 1287 10

62 1331 177 1395 putata
222 1323 290 1380 Hae
305 1321 479 1397 disciplinae
494 1320 588 1398 igitur,
595 1322 619 1381 si
633 1321 690 1381 sibi
704 1333 922 1382 consentaneae
936 1321 1027 1381 velint
1041 1340 1114 1394 esse,

63 1416 102 1476 de
130 1416 231 1476 officio
258 1417 331 1476 nihil
359 1429 471 1493 queant
498 1417 605 1491 dicere,
634 1436 731 1493 neque
759 1419 819 1477 ulla
847 1417 936 1478 officii
957 1429 1116 1495 praecepta

62 1514 157 1586 firma,
174 1513 297 1587 stabilia,
318 1515 479 1575 coniuncta
499 1527 621 1574 naturae
642 1515 718 1575 tradi
735 1527 859 1592 possunt
876 1514 933 1574 nisi
952 1527 1003 1575 aut
1023 1515 1115 1575 abiis

63 1607 117 1684 qui
135 1610 239 1682 solam,
255 1621 306 1670 aut
327 1612 366 1670 ab
380 1610 415 1670 iis
430 1611 480 1687 qui
494 1610 621 1670 maxime
635 1611 822 1670 honestatem
836 1623 956 1687 propter
969 1629 1001 1670 se
1014 1609 1115 1670 dicant

63 1708 271 1783 expetendam
315 1709 363 1766 Ita
377 1708 495 1784 propria
509 1719 554 1768 est
573 1727 608 1767 ea
626 1707 797 1784 praeceptio
816 1709 982 1768 Stoicorum
1000 1712 1157 1784 Acade-15

87 1869 123 1910 m
181 1869 188 1910 ¹
316 1803 461 1864 micorum
491 1804 765 1881 Peripateticorum,
794 1806 935 1881 quoniam
968 1805 1114 1868 Aristonis

62 1877 279 1971 mnilyiltleffi
318 1900 475 1976 Pyrrhonis
498 1900 581 1960 Erilli
603 1901 662 1960 iam
684 1901 799 1978 pridem
821 1905 942 1979 explosa
969 1903 1115 1963 sententia

62 1971 99 2030 the
109 1971 178 2012 Stoics
196 1971 278 2030 Acade·
440 1999 447 2011 .
765 2000 771 2012 .
966 2001 972 2012 .
1105 2002 1111 2014 .

62 2001 278 2071 mendicante<
315 2011 368 2071 est,
397 2019 449 2076 qur
477 2011 578 2061 tamen
598 2001 743 2060 haberent
764 2020 808 2061 rus
833 2021 919 2061 suum
943 2003 1113 2078 disputandi

62 2073 279 2181 &aedilhild
316 2098 354 2157 de
376 2096 481 2170 officio,
504 2097 529 2158 si
554 2118 652 2158 rerum
673 2098 802 2174 aliquem
823 2099 964 2158 dilectum
984 2099 1114 2175 reliquis-

61 2171 203 2224 ΨΜ·
315 2207 390 2269 sent,
418 2206 451 2255 ut
478 2198 517 2255 ad
544 2195 633 2256 officii
659 2194 862 2255 inventionem
895 2194 993 2255 aditus
1026 2207 1110 2256 esset.
1127 2221 1158 2255 ao

62 2292 221 2369 Sequimur
234 2292 320 2370 igitur
334 2295 393 2353 hoc
411 2293 533 2369 quidem
550 2304 683 2369 tempore
704 2304 734 2352 et
750 2294 807 2352 hac
822 2291 854 2352 in
872 2291 1052 2368 quaestione
1063 2311 1114 2369 po

61 2388 210 2450 tissimum
224 2389 348 2462 Stoicos,
364 2409 427 2450 non
441 2400 475 2450 ut
487 2389 668 2466 interpretes,
682 2389 744 2462 sed,
756 2399 789 2449 ut
803 2390 968 2462 solemus,e
982 2389 1113 2450 sontibus

62 2505 167 2547 eorum
181 2485 293 2547 iudicio
306 2487 487 2564 arbitrioque
502 2499 603 2547 nostro
618 2498 763 2562 quantum
782 2504 903 2564 quoque
921 2487 1014 2547 modo
1033 2486 1114 2547 vide·

61 2582 141 2644 bitur
154 2582 331 2643 hauriemus.

123 2697 150 2757 7.
194 2681 296 2740 Placet
310 2678 405 2757 igitur,
420 2679 560 2756 quoniam
576 2678 673 2740 omnis
687 2679 848 2757 disputatio
859 2681 897 2740 de
906 2679 1005 2741 officio
1015 2682 1113 2742 futura
1124 2700 1156 2751 25
1222 2739 1225 2743 ,

85 2833 175 2877 Meantn
199 2835 246 2876 oso
269 2857 278 2866 ¹
315 2790 368 2852 est,
383 2789 453 2838 ante
472 2777 632 2851 definire,
648 2776 722 2853 quid
740 2777 777 2837 sit
798 2777 978 2838 officium:
998 2779 1113 2854 quoda

60 2835 277 2946 ,renodanti-
315 2876 457 2936 Panaetio
483 2873 721 2952 praetermissum
755 2893 819 2934 esse
853 2874 950 2935 miror.
1003 2873 1113 2936 Omnis

60 2938 172 2978 med
313 2973 403 3047 enim,
425 2992 502 3049 quae
524 2991 543 3032 a
568 2971 682 3032 ratione
710 2971 866 3048 suscipitur
889 2974 928 3033 de
954 2971 1055 3049 aliqua
1080 2992 1113 3034 re

61 3070 207 3132 institutio
228 3071 318 3132 debet
338 3090 357 3130 a
383 3069 556 3130 definitione
583 3069 739 3147 proficisci,
763 3080 795 3129 ut
817 3068 1010 3147 intellegatur,
1039 3071 1113 3149 quid

61 3168 97 3228 sit
111 3168 144 3229 id
157 3168 198 3228 de
212 3187 273 3246 quo
287 3166 458 3244 disputetur.
1125 3199 1156 3251 30

15 3292 50 3343 111
86 3300 202 3352 Qumion,
213 3301 276 3343 rel„-
374 3261 481 3323 Omnis
495 3263 533 3322 de
548 3261 646 3323 officio
661 3264 771 3340 duplex
784 3274 829 3323 est
843 3261 996 3339 quaestio:
1017 3282 1111 3323 unum

61 3351 277 3451 lgffil‘ffigffi
314 3379 406 3438 genus
433 3370 478 3421 est
505 3361 589 3436 quod
615 3360 742 3437 pertinet
768 3361 809 3421 ad
836 3362 926 3421 finem
954 3361 1110 3435 bonorum,

60 3452 217 3504 numerat
314 3459 438 3516 alterum
459 3459 542 3532 quod
560 3457 691 3532 positum
711 3467 756 3517 est
774 3457 805 3516 in
825 3457 988 3534 praeceptis
1002 3458 1111 3534 quibus

60 3551 91 3614 iu
104 3553 204 3615 omnis
217 3555 307 3631 partis
321 3572 392 3614 usus
405 3554 483 3614 vitae
502 3554 681 3614 conformari
698 3553 800 3631 possit
843 3554 1005 3632 Superioris
1024 3575 1112 3634 gene·

109 3796 140 3846 14
151 3780 245 3833 ducant
259 3782 300 3832 Ba
311 3789 369 3847 post
378 3783 489 3832 Baletum
504 3780 539 3831 ad
554 3783 602 3831 Cic.
617 3782 646 3831 de
654 3782 713 3846 legg.
728 3781 763 3841 15
775 3791 805 3845 37
841 3782 852 3839 ΙΙ
887 3792 917 3828 ar
930 3792 1061 3846 sequemur
1073 3778 1115 3828 Bo

58 3862 310 3930 LupostGram'um
339 3869 356 3924 l
389 3867 422 3917 28
429 3865 470 3930 [a]
479 3865 576 3920 ratione
591 3867 635 3930 Or,
648 3866 748 3920 ratione
762 3867 806 3920 Ba
817 3869 898 3922 Hcinc
908 3869 950 3921 Lu
963 3865 1054 3917 inuitis
1066 3864 1139 3917 codd.
