2512 4192
102 183 139 242 50
340 165 389 222 De
407 165 496 221 altera
510 170 598 238 parte
616 162 724 221 Decori
739 180 812 237 quae
830 162 873 220 ad
928 157 956 240 [1
972 177 1078 220 xxxrx
1093 164 1146 236 138

101 334 156 392 mis
181 335 263 405 fiunt,
279 331 368 391 etiam
387 330 412 390 si
430 332 516 390 nobis
533 303 655 407 indigna
673 328 837 402 audiamus,
857 339 959 390 tamen
977 329 1147 406 gravitatem

99 430 234 502 retinere,
256 427 438 487 iracundiam
458 428 575 504 pellere.
601 429 684 502 Quae
701 424 867 485 enimcum
884 425 985 502 aliqua
1001 428 1148 503 perturba·

221 588 226 598 ,
351 523 432 583 tione
446 524 529 596 fiunt,
540 542 576 582 ea
589 541 645 581 nec
659 531 828 581 constanter
841 520 1044 598 fieripossunt
1054 542 1147 601 neque

102 586 314 698 assalirllff‘al‘ffi
352 620 387 679 iis
411 620 463 696 qui
481 622 589 679 adsunt
612 617 737 696 probari.
782 618 1038 680 Deformeetiam
1055 632 1100 682 est
1114 623 1148 682 de

103 703 192 739 mmm&
352 737 384 777 se
406 717 504 794 ipsum
527 716 705 793 praedicare,
732 715 804 773 falsa
827 715 1011 791 praesertim,
1032 727 1147 778 etcum
1169 734 1179 781 t

101 812 240 872 inrisione
254 813 437 874 audientium
451 812 557 872 imitari
570 811 694 872 militem
707 810 879 887 gloriosum.
900 799 903 805 ⁴

24 911 90 958 XIX
127 957 177 1007 (Βά)
187 957 206 996 Α
251 973 259 988 0
308 958 318 998 s
417 912 481 984 138.
525 911 564 968 Et
579 908 720 984 quoniam
734 907 836 967 omnia
848 907 1063 985 persequimur,
1074 911 1149 969 volu·

213 971 306 1007 perono

102 1007 318 1099 R?,}}{”f„{hgg¹ss‘}5‘g·,
353 1025 418 1065 mus
433 1004 555 1081 quidem
569 1014 657 1076 certe,
673 1003 834 1064 dicendum
853 1015 898 1063 est
917 1004 1019 1079 etiam,
1035 1007 1149 1082 qualem

102 1108 193 1167 propriet
221 1109 250 1158 br
263 1109 314 1168 hav·
352 1102 481 1163 hominis
502 1101 639 1162 honorati
660 1114 690 1162 et
711 1100 852 1180 principis
881 1102 1009 1161 domum
1037 1101 1148 1177 placeat

102 1171 250 1248 ffieatoiiff
263 1170 316 1258 {iiss-
356 1220 428 1274 esse,
454 1199 537 1260 cuius
559 1200 625 1260 finis
647 1212 691 1260 est
711 1220 789 1274 usus,
811 1201 852 1259 ad
874 1219 966 1275 quem
985 1203 1150 1259 accommo'
1159 1219 1180 1253 ιο

103 1259 318 1360 lssl'dl‘dd’glllll
356 1299 456 1358 danda
478 1310 522 1358 est
546 1297 724 1358 aedificandi
747 1297 906 1374 descriptio
929 1307 960 1358 et
981 1308 1085 1358 tamen
1104 1297 1149 1356 ad·

102 1367 168 1409 Μ’
353 1396 484 1456 hibenda
511 1396 734 1456 commoditatis
757 1394 969 1474 dignitatisque
990 1395 1144 1473 diligentia.

106 1489 160 1548 Cn.
178 1491 311 1564 Octavi0‚
328 1492 378 1568 qui
392 1492 504 1570 primus
519 1512 555 1552 ex
569 1492 619 1551 illa
632 1491 743 1551 familia
757 1493 861 1551 consul
876 1493 970 1566 factus
987 1501 1038 1562 est,
1046 1490 1147 1552 honori

103 1585 192 1645 fuisse
214 1589 392 1664 accepimus,
416 1591 497 1665 quod
524 1590 704 1666 praeclaram
725 1588 909 1648 aedificasset
934 1587 965 1647 in
989 1588 1103 1648 Palatio
1122 1598 1148 1647 et

53 1721 55 1725 ,
103 1685 222 1758 plenam
237 1684 386 1761 dignitatis
401 1688 543 1746 domum:
561 1705 636 1762 quae
651 1705 720 1745 cum
733 1687 821 1762 vulgo
835 1684 985 1758 viseretur,
999 1687 1148 1762 suffragata
1159 1699 1179 1749 15

105 1779 236 1853 domino,
252 1800 330 1841 novo
348 1781 471 1854 homini,
484 1783 523 1841 ad
538 1783 723 1841 consulatum
737 1782 903 1858 putabatur.
919 1783 1014 1841 Hanc
1028 1784 1148 1845 Scaums

104 1876 262 1936 demolitus
281 1878 480 1938 accessionem
499 1877 631 1937 adiunxit
650 1878 782 1938 aedibus.
825 1879 932 1953 Itaque
950 1876 1002 1938 ille
1020 1878 1052 1937 in
1071 1898 1147 1938 suam

104 1972 227 2031 domum
242 1975 427 2033 consulatum
441 1974 552 2052 primus
566 1974 675 2035 attulit:
694 1974 751 2047 hic,
768 1973 875 2033 summi
889 1983 919 2034 et
932 1973 1088 2034 clarissimi
1100 1974 1148 2034 viri

104 2069 188 2142 filius,
201 2070 230 2128 in
247 2073 369 2130 domum
383 2070 608 2146 multiplicatam
619 2090 680 2130 non
694 2072 840 2147 repulsam
855 2071 953 2130 solum
966 2072 1088 2144 rettulit,
1099 2072 1148 2131 sed

104 2164 296 2244 ignominiam
317 2167 406 2226 etiam
432 2177 461 2226 et
486 2165 691 2226 calamitatem.
738 2185 802 2242 139.
839 2168 983 2227 Ornanda
998 2164 1078 2226 enim
1107 2175 1181 2225 estro

106 2263 231 2340 dignitas
247 2265 347 2335 domo,
363 2283 424 2323 non
439 2283 476 2323 ex
490 2265 581 2323 domo
597 2274 659 2323 tota
679 2263 855 2339 quaerenda,
874 2281 931 2322 nec
948 2264 1042 2324 domo
1062 2263 1148 2323 domi·

104 2378 169 2430 nus,
192 2360 244 2417 sed
265 2359 389 2418 domino
410 2360 517 2419 domus
538 2360 725 2419 honestanda
742 2369 796 2432 est,
819 2368 848 2418 et
878 2367 911 2417 ut
928 2357 960 2417 in
978 2359 1085 2419 ceteris
1104 2360 1147 2419 ha·

105 2455 204 2513 benda
224 2455 297 2514 ratio
319 2475 380 2515 non
401 2475 454 2514 sua
474 2456 580 2528 solum,
603 2455 766 2516 sedetiam
787 2455 920 2528 aliorum,
941 2454 986 2514 sic
1008 2455 1039 2514 in
1062 2457 1147 2516 domo

106 2551 175 2610 clari
196 2553 332 2626 hominis,
348 2553 379 2611 in
401 2572 490 2629 quam
510 2564 540 2613 et
561 2553 692 2629 hospites
716 2552 801 2613 multi
822 2551 984 2629 recipiendi
1004 2563 1034 2613 et
1051 2552 1148 2612 admit-

106 2651 196 2708 tenda
210 2649 365 2709 hominum
380 2649 522 2725 cuiusque
543 2649 626 2709 modi
642 2649 810 2722 multitudo,
828 2649 1001 2709 adhibenda
1016 2669 1088 2709 cura
1106 2659 1146 2709 est
1156 2666 1180 2713 ²⁵

106 2746 239 2807 laxitatis.
282 2747 376 2806 Aliter
396 2748 496 2823 ampla
517 2748 623 2807 domus
644 2746 785 2806 dedecori
805 2765 894 2823 saepe
919 2746 1044 2807 domino
1064 2748 1104 2819 fit,
1124 2746 1146 2806 si

107 2842 198 2901 estin
217 2863 253 2903 ea
271 2842 408 2914 solitudo,
424 2854 454 2902 et
472 2842 608 2916 maxime,
624 2841 648 2902 si
664 2842 823 2919 aliquando
843 2840 902 2900 alio
921 2841 1047 2901 domino
1066 2840 1146 2902 solita

107 2951 152 2999 cst
173 2940 359 3017 frequentari.
401 2940 548 3001 Odiosum
571 2951 615 3000 est
643 2939 731 3014 enim,
760 2959 830 2998 cum
855 2957 873 2998 a
896 2937 1145 3015 praetereuntibus

108 3039 230 3098 dicitur:

441 3138 562 3186 Odomus
578 3131 689 3200 cintiqua,
706 3136 753 3184 heu
769 3151 844 3199 quam
860 3131 958 3198 deipara
1042 3166 1047 3177 ι
1154 3142 1180 3191 30

332 3217 459 3267 donn’ndre
475 3221 591 3268 donn'nol

108 3337 189 3411 quod
208 3335 334 3418 quidem
343 3335 387 3394 his
402 3336 581 3412 temporibus
598 3336 629 3394 in
646 3334 745 3394 multis
758 3333 827 3392 licet
842 3331 947 3392 dicere.
993 3351 1059 3405 140.
1094 3332 1145 3393 Ca·

106 3432 237 3489 vendum
256 3439 356 3488 autern
375 3441 427 3503 est,
449 3430 619 3507 praesertim
639 3430 663 3489 si
682 3429 745 3506 ipse
766 3428 912 3500 aedifices,
931 3446 969 3486 ne
990 3438 1073 3488 extra
1087 3446 1144 3487 mo·

107 3529 179 3588 dmn
194 3539 312 3604 sumptu
326 3539 355 3587 et
373 3528 588 3606 magnificentia
603 3530 748 3606 prodeas:
776 3546 836 3603 quo
854 3524 885 3584 in
901 3542 1010 3602 genere
1023 3525 1143 3584 multum

106 3623 175 3681 mali
190 3622 277 3682 etiam
291 3622 322 3681 in
337 3626 471 3699 exemplo
486 3634 538 3684 est.
582 3623 719 3684 Studiose
737 3621 816 3682 enim
830 3620 963 3699 plerique
976 3618 1143 3697 praesertim
1154 3634 1180 3684 ³⁵

104 3718 135 3779 in
149 3721 226 3779 hanc
240 3729 354 3796 partem
368 3722 445 3779 facta
458 3719 624 3797 principum
639 3719 797 3791 imitantur,
810 3728 843 3776 ut
857 3719 890 3776 L.
901 3715 1026 3791 Luculli,
1039 3713 1143 3776 summi

322 3846 350 3895 25
361 3833 458 3900 generis
469 3848 525 3883 cum
536 3833 585 3884 cod.
600 3849 616 3882 a
627 3833 677 3891 Ba,
686 3832 758 3889 modi
765 3832 837 3896 vulgo
852 3833 889 3880 Or
899 3831 980 3882 Heiue
